0130004    00158EUR2 00010036059  031225SCI JMCH GROUPE LEMOINE          COMPTE COURANT   0000000004696G
0430004055700158EUR2 0001003605918041225  041225/REFBEN /ORIG TESSIER PHILIPPE   0000000  0000000011120{/MOTIF MPCE
0530004    00158EUR2 0001003605918041225     NPYTESSIER PHILIPPE
0530004    00158EUR2 0001003605918041225     LCCMPCE
0530004    00158EUR2 0001003605918041225     RCNZZ1JIHD0D66OWMYJ8
0530004    00158EUR2 0001003605918041225     PDOFR FRANCE
0730004    00158EUR2 00010036059  041225                                                  0000000015816G
0118206    00105EUR2 65033000202  031225SC DIOT INVEST                   COMPTE COURANT   0000000012978{  233
0718206    00105EUR2 65033000202  041225        ------------------------------            0000000012978{
0130004    00969EUR2 00010203213  031225SNC LEITE 95                     SNC LEITE 95     0000000004010F
0730004    00969EUR2 00010203213  041225                                                  0000000004010F
0130004    02901EUR2 00010156781  031225SC AJC CONSEILS                  COMPTE COURANT   0000000071844L
0730004    02901EUR2 00010156781  041225                                                  0000000071844L
0130004    00158EUR2 00010013927  031225LA FABRIK                                         0000000625244E
0730004    00158EUR2 00010013927  041225                                                  0000000625244E
0130004    02901EUR2 00010140227  031225SCI DE L'ATELIER                 COMPTE COURANT   0000000078161I
0430004056802901EUR2 0001014022718041225  041225VIAMEDIS                         0000000  0000000000122HTP-20251128-VIRE
0530004    02901EUR2 0001014022718041225     NPYVIAMEDIS
0530004    02901EUR2 0001014022718041225     LCCTP-20251128-VIREMENT 8589548 -926233842-VM00100000-2039-
0530004    02901EUR2 0001014022718041225     RCNTP-20251128-VIREMENT 8589548 -92
0530004    02901EUR2 0001014022718041225     PDOFR FRANCE
0430004081302901EUR2 00010140227B1041225  041225PRLV SEPA/MACSF-PREV-                   0 0000000002307}FR28ZZZ611964
0530004    02901EUR2 00010140227B1041225     NBEMACSF-PREV-
0530004    02901EUR2 00010140227B1041225     IBEFR28ZZZ611964
0530004    02901EUR2 00010140227B1041225     LCCPRELEVEMENT GLOBAL MACSF PREVOYANCE
0530004    02901EUR2 00010140227B1041225     RCNMACSF-PRE/2025-12-03R/7318978000002
0530004    02901EUR2 00010140227B1041225     RUM00MACSF-PREV-0000000000000000683413RCUR
0430004051102901EUR2 0001014022721041225  041225/MOTIF SALAIRE ALEX /BEN M HENR  00000000 0000000020000}Y ALEXANDRE CHRI
0530004    02901EUR2 0001014022721041225     LIBSTOPHE /REFDO /REF
0730004    02901EUR2 00010140227  041225                                                  0000000055977G
0130004    02667EUR2 00010005445  031225CENTRE MUSICAL ET INITIATIVE     CENTRE MUSICAL ET0000000396460C
0430004056802667EUR2 0001000544518041225  041225TIFFENCOGE GERANCE               0000000  0000000001947{0101002806022025
0530004    02667EUR2 0001000544518041225     NPYTIFFENCOGE GERANCE
0530004    02667EUR2 0001000544518041225     NPOTIFFENCOGE GERANCE
0530004    02667EUR2 0001000544518041225     NBUVANHAESEBROUCK
0530004    02667EUR2 0001000544518041225     LCCVIR. DE TIFFENCOGE
0530004    02667EUR2 0001000544518041225     RCN010100280602202512031132450006
0530004    02667EUR2 0001000544518041225     PDOFR FRANCE
0430004056802667EUR2 0001000544518041225  041225SARL 11 TRINQUET                 0000000  0000000010067BFA2025-1512
0530004    02667EUR2 0001000544518041225     NPYSARL 11 TRINQUET
0530004    02667EUR2 0001000544518041225     LCCSARL 11 TRINQUET FA2025-... - VHSBK FA2025-1512
0530004    02667EUR2 0001000544518041225     RCNFA2025-1512
0530004    02667EUR2 0001000544518041225     PDOFR FRANCE
0430004056802667EUR2 0001000544518041225  041225STRIPE                           0000000  0000000023014ISTRIPE-1J68YTT9S
0530004    02667EUR2 0001000544518041225     NPYSTRIPE
0530004    02667EUR2 0001000544518041225     LCCSTRIPE
0530004    02667EUR2 0001000544518041225     RCNSTRIPE-1J68YTT9SCV3HC6BGQYUZHZARUX0
0530004    02667EUR2 0001000544518041225     PDONL PAYS-BAS
0430004056302667EUR2 00010005445C2041225  041225M P DE RUSSE OU MME C DE RUSSE   0000000  0000000058213ECHAUDIERE 2025-9
0530004    02667EUR2 00010005445C2041225     NPYM P DE RUSSE OU MME C DE RUSSE
0530004    02667EUR2 00010005445C2041225     LCCCHAUDIERE 2025-938
0530004    02667EUR2 00010005445C2041225     RCNCHAUDIERE 2025-938
0530004    02667EUR2 00010005445C2041225     PDOFR FRANCE
0730004    02667EUR2 00010005445  041225                                                  0000000489702I
0118206    00124EUR2 65037811300  031225IMMO'CONSTAT                     COMPTE COURANT   0000000408909G  233
0718206    00124EUR2 65037811300  041225        ------------------------------            0000000408909G
0118206    00223EUR2 22392051005  031225MENILLET COURTAGE                COMPTE COURANT   0000000181838H  233
0718206    00223EUR2 22392051005  041225        ------------------------------            0000000181838H
0118206    00062EUR2 65036460558  031225NORTRADE INTERNATIONAL           COMPTE COURANT   0000000145550F  233
0418206002600062EUR2E6503646055806041225  041225WEB L EXPERT MONTE MEUBL FACTUR  0000000000000000015060}
0518206    00062EUR2 6503646055806041225     NPYE.U.R.L. SKY LIFT SERVICES
0518206    00062EUR2 6503646055806041225     NBEL EXPERT MONTE MEUBLES
0518206    00062EUR2 6503646055806041225     RCNFACTURE 2775
0518206    00062EUR2 6503646055806041225     LIBAGRIFRPP882
0518206    00062EUR2 6503646055806041225     MMOEUR200000000150600
0518206    00062EUR2 6503646055806041225     CBEFR7616958000019895970998818
0418206000000062EUR2E6503646055805041225  041225VIR DGFIP SCBCM CULTURE 1595200  0713279100000000007560{
0518206    00062EUR2 6503646055805041225     NPYDGFIP SCBCM CULTURE
0518206    00062EUR2 6503646055805041225     NBESKY LIFT SERVICES SARL
0518206    00062EUR2 6503646055805041225     NPOBUREAU DE LA QUALITE COMPTABLE
0518206    00062EUR2 6503646055805041225     LCCVOS REF  F2511-562        NOS REF  FA EJ  1512968521 DP  2025 ADCE 010
0518206    00062EUR2 6503646055805041225     LC20338089 9520
0518206    00062EUR2 6503646055805041225     RCN159520000F2511-562       4000713279
0518206    00062EUR2 6503646055805041225     LIBBDFEFRPP
0518206    00062EUR2 6503646055805041225     MMOEUR200000000075600
0418206000000062EUR2E6503646055805041225  041225VIR MT CUISINES FACT SKYLIFT D2  0000000100000000002760{
0518206    00062EUR2 6503646055805041225     NPYMT CUISINES
0518206    00062EUR2 6503646055805041225     NBESKYLIFT
0518206    00062EUR2 6503646055805041225     LCCFACT SKYLIFT ALAOUI REFRIGERATEUR
0518206    00062EUR2 6503646055805041225     RCNFACT SKYLIFT D2025-1117
0518206    00062EUR2 6503646055805041225     LIBSOGEFRPP
0518206    00062EUR2 6503646055805041225     MMOEUR200000000027600
0418206000000062EUR2E65036460558C2041225  041225VIR INST DE M JONATHAN OGE       0000000100000000002220{
0518206    00062EUR2 65036460558C2041225     NPYM     JONATHAN OGE
0518206    00062EUR2 65036460558C2041225     NBESKYLIFT SERVICES
0518206    00062EUR2 65036460558C2041225     NBUSKYLIFT SERVICES
0518206    00062EUR2 65036460558C2041225     LCCVIREMENT OGE MONTE MEUBLE F2511-577
0518206    00062EUR2 65036460558C2041225     RCNOGE MONTE MEUBLE F2511-577
0518206    00062EUR2 65036460558C2041225     REF3F000000EEE9500001000000404D5347   55F1873780274499ADCC22638E20C2EE
0518206    00062EUR2 65036460558C2041225     CBEFR7618206000626503646855028
0418206000000062EUR2E65036460558C2041225  041225VIR INST DE M. DA SILVA MOREIRA  0000000100000000003000{
0518206    00062EUR2 65036460558C2041225     NPYM. DA SILVA MOREIRA JORGE
0518206    00062EUR2 65036460558C2041225     NBESKY LIFT
0518206    00062EUR2 65036460558C2041225     REF                                   23615F2788AF44A38BE59D80EE579B6B
0518206    00062EUR2 65036460558C2041225     CBEFR7618206000626503646855028
0418206002600062EUR2E6503646055806041225  041225WEB STAR DEPANNAGE FACTURE 2025  0000000000000000001420}
0518206    00062EUR2 6503646055806041225     NPYE.U.R.L. SKY LIFT SERVICES
0518206    00062EUR2 6503646055806041225     NBESTAR DEPANNAGE
0518206    00062EUR2 6503646055806041225     RCNFACTURE 2025467
0518206    00062EUR2 6503646055806041225     LIBAGRIFRPP882
0518206    00062EUR2 6503646055806041225     MMOEUR200000000014200
0518206    00062EUR2 6503646055806041225     CBEFR7630066103910002019560158
0418206000000062EUR2E65036460558C2041225  041225VIR INST DE MADAME GALLEY MICHE  0000000100000000003360{
0518206    00062EUR2 65036460558C2041225     NPYMADAME GALLEY MICHELLE
0518206    00062EUR2 65036460558C2041225     NBESKY LIFT SERVICES
0518206    00062EUR2 65036460558C2041225     LCCDEMENAGEMENT NACELLE 2
0518206    00062EUR2 65036460558C2041225     REF                                   AB3B8AD99BFD4F8D83AAB689A50DA852
0518206    00062EUR2 65036460558C2041225     CBEFR7618206000626503646855028
0718206    00062EUR2 65036460558  041225                                                  0000000147970F
0130056    00919EUR2 09190006784  031225MS ST FRAMBOURG                  COMPTE COURANT   0000000050267C
043005600JA00919EUR2 0919000678462041225  041225FRAIS VIREMENT SEPA   ZVP1 0093  1 009331 0000000000006}
0530056    00919EUR2 0919000678462041225     LIBVIREMENT EMIS
0530056    00919EUR2 0919000678462041225     LIBLE 03/12/25 2 OPE
043005600JA00919EUR2 0919000678462041225  041225FRAIS VIREMENT SEPA   ZVP1 0093  1 009361 0000000000040}
0530056    00919EUR2 0919000678462041225     LIBREMISE VIREMENT EMIS
0530056    00919EUR2 0919000678462041225     LIBLE 03/12/25 1 OPE
0730056    00919EUR2 09190006784  041225                                                  0000000050221C
0113106    00500EUR2 30038108790  031225APOLLO SAS                       COMPTE COURANT   0000000073878F  233
0413106005200500EUR2E3003810879011041225  041225CARTE X5625 TELESCOPERC 0786742  0000000000000000000478N
0413106000000500EUR2E30038108790C2041225  041225VIR INST DE JEAN-FRANCOIS MARTE  0000000000000000000770{
0513106    00500EUR2 30038108790C2041225     NPYJEAN-FRANCOIS MARTEL
0513106    00500EUR2 30038108790C2041225     NBEPENSION PAS DEL ROC
0513106    00500EUR2 30038108790C2041225     LCCVIREMENT DE VIRGINIE MARTEL POUR LEIKA 1/03 AU 7/0
0513106    00500EUR2 30038108790C2041225     REF3800000037BF370007000000404D5347   709548FFAA0A423C87FE2075175290CB
0513106    00500EUR2 30038108790C2041225     CBEFR7613106005003003810097827
0413106002600500EUR2E3003810879006041225  041225WEB CHARLAINE GUITARD FA N 225   0000000000000000000450}
0513106    00500EUR2 3003810879006041225     NPYS.A.R.L. PENSION PAS DEL ROC
0513106    00500EUR2 3003810879006041225     NBECHARLAINE GUITARD
0513106    00500EUR2 3003810879006041225     LCCFA N 225
0513106    00500EUR2 3003810879006041225     LIBAGRIFRPP831
0513106    00500EUR2 3003810879006041225     MMOEUR200000000004500
0513106    00500EUR2 3003810879006041225     CBEFR7613106005003003979592911
0413106000000500EUR2E3003810879005041225  041225DE MADAME   MARSEILLAC SOPHIE    0000000100000000001230{
0513106    00500EUR2 3003810879005041225     NPYMADAME   MARSEILLAC SOPHIE
0513106    00500EUR2 3003810879005041225     NBEPENSION PAS DEL ROC
0513106    00500EUR2 3003810879005041225     LIBAGRIFRPP831
0513106    00500EUR2 3003810879005041225     MMOEUR200000000012300
0513106    00500EUR2 3003810879005041225     CBEFR7613106005003003810097827
0713106    00500EUR2 30038108790  041225                                                  0000000074950A
0120041    01012EUR2 4044316330L  031225SIVASOORIYALINGAM SIVALOGINI     COMPTE COURANT   0000000085113A
0720041    01012EUR2 4044316330L  041225                                                  0000000085113A0000000000000{
0130004    00858EUR2 00010076986  031225L ABAT JOUR                      COMPTE COURANT   0000000496748C
0430004000100858EUR2 0001007698601041225  031225CHEQUE N.6225827                 62258270 0000000000519O
0430004008500858EUR2 0001007698607041225  031225REG 0412 RELEVE 40248455         00000000 0000000005509N
0430004000100858EUR2 0001007698601041225  031225CHEQUE N.6225826                 62258260 0000000009631P
0430004056800858EUR2 0001007698618041225  041225ASP AGENCE COMPTABLE             0000000  0000000004166F1D07500001557766
0530004    00858EUR2 0001007698618041225     NPYASP AGENCE COMPTABLE
0530004    00858EUR2 0001007698618041225     NBUVMV AUTOMOBILE
0530004    00858EUR2 0001007698618041225     LCC155776693 AUEA AUEA04009480500 MINISTERE DU TRAVAIL AIDE UNIQUE APPREN
0530004    00858EUR2 0001007698618041225     LC2TI VMV AUTOMOBILE
0530004    00858EUR2 0001007698618041225     RCN1D0750000155776693-TEL---0442525432
0530004    00858EUR2 0001007698618041225     PDOFR FRANCE
0430004009900858EUR2 0001007698630041225  0412250412 N.27083 DE 95ERMONT         127083   0000000019676C   N.COM.4919143
0530004    00858EUR2 0001007698630041225     LIB0412 N.27083 DE 95ERMONT N.COM.4919143013
0730004    00858EUR2 00010076986  041225                                                  0000000504930D
0130004    02890EUR2 00010939615  031225SCP MBA                          COMPTE COURANT   0000000039714H
0730004    02890EUR2 00010939615  041225                                                  0000000039714H
0130004    01573EUR2 00010076069  031225SCI EZGI                         COMPTE COURANT   0000000048581B
0430004051201573EUR2 0001007606921041225  041225VR.PERMANENT ZZ1JIHDO1YNN7AB10   00000001 0000000015000}
0730004    01573EUR2 00010076069  041225                                                  0000000033581B
0130004    02949EUR2 00010154349  031225MLE CLAIRE GUENERIN              COMPTE COURANT   0000000283278J
0430004051602949EUR2 00010154349C1041225  041225DOLLARS                          44084040 0000000015000}ZZ1JINA4BY634SCI
0530004    02949EUR2 00010154349C1041225     LCCDOLLARS
0530004    02949EUR2 00010154349C1041225     NBEIBANFIRST
0530004    02949EUR2 00010154349C1041225     REFDOLLARS 251204104408404
0530004    02949EUR2 00010154349C1041225     RCNZZ1JINA4BY634SCI6
0430004009702949EUR2 0001015434918041225  041225BNPPF N 6098569                  0000000  0000000027184F
0430004009702949EUR2 0001015434918041225  041225BNPPF N 6097921                  0000000  0000000062640{
0730004    02949EUR2 00010154349  041225                                                  0000000208453N
0130004    02036EUR2 00010240188  031225PROLIFIK RECORDS              PROLIFIK RECORDS    0000000690068B
0430004008302036EUR2 0001024018828041225  041225DU 031225 RESTO MC DONALD ESTAN  00000000 0000000000029NCARBON CARTE 497
0530004    02036EUR2 0001024018828041225     LIB4XXXXXXXX6433
0430004008302036EUR2 0001024018828041225  041225DU 031225 RESTO MC DONALD ESTAN  00000000 0000000000119NCARBON CARTE 497
0530004    02036EUR2 0001024018828041225     LIB4XXXXXXXX6433
0430004081302036EUR2 00010240188B1041225  041225PRLV SEPA/ROOLE-IDENTICAR-IDENT         0 0000000000189NFR46ZZZ561200
0530004    02036EUR2 00010240188B1041225     NBEROOLE-IDENTICAR-IDENTICAR
0530004    02036EUR2 00010240188B1041225     IBEFR46ZZZ561200
0530004    02036EUR2 00010240188B1041225     LCCPRELEVEMENT ROOLE-IDENTICAR
0530004    02036EUR2 00010240188B1041225     RCN21802630-IDCAR21182TX1122
0530004    02036EUR2 00010240188B1041225     RUMPP1003480                          RCUR
0730004    02036EUR2 00010240188  041225                                                  0000000689729G
0130004    02790EUR2 00040819237  031225SOCIETE CIVILE IMMOBILIERE IREM  COMPTE COURANT   0000000318455H
0730004    02790EUR2 00040819237  041225                                                  0000000318455H
0118206    00336EUR2 65074825889  031225APOLLO SAS                       COMPTE COURANT   0000000124802H  233
0718206    00336EUR2 65074825889  041225        ------------------------------            0000000124802H
0118206    00218EUR2 60283003857  031225NORTRADE INTERNATIONAL           COMPTE COURANT EN0000001107689{  233
0418206005000218EUR2E60283003857B1041225  041225VW BANK FRANCE                   0000000000000000006113M
0518206    00218EUR2 60283003857B1041225     NBEVW BANK FRANCE
0518206    00218EUR2 60283003857B1041225     IBEFR51ZZZ487778                      SEPA
0518206    00218EUR2 60283003857B1041225     NPYEURL GOURSON ALEXANDRE
0518206    00218EUR2 60283003857B1041225     REF303666556                          01-416E53018632412025
0518206    00218EUR2 60283003857B1041225     LCC22107574LL22107574LL R063018356
0518206    00218EUR2 60283003857B1041225     RUMFSP416E1806830021826028F3007500    RCUR
0518206    00218EUR2 60283003857B1041225     CPYFR7618206002186028300758385
0418206005200218EUR2E6028300385711041225  041225CARTE X6839 CARREFOUR CITY LE C  0000000000000000000143K
0418206000000218EUR2E60283003857C2031225  031225VIR INST DE ABDEL MALAK IVETTE   0000000100000000045873{
0518206    00218EUR2 60283003857C2031225     NPYABDEL MALAK IVETTE
0518206    00218EUR2 60283003857C2031225     NBEMARION GOURSON
0518206    00218EUR2 60283003857C2031225     LCCDE ABDEL MALAK IVETTE - RETRO NOVEMBRE
0518206    00218EUR2 60283003857C2031225     REF07000000CAC5890005000000404D5347   352A884154BF4420B03640E78C8DD93B
0518206    00218EUR2 60283003857C2031225     CBEFR7618206002186028300758385
0418206000000218EUR2E6028300385705041225  041225VIR CRPCEN M 000000957033624336  1251203100000000000171E
0518206    00218EUR2 6028300385705041225     NPYCRPCEN M
0518206    00218EUR2 6028300385705041225     NBEGOURSON MARION
0518206    00218EUR2 6028300385705041225     LCC0000009570336243362111251203
0518206    00218EUR2 6028300385705041225     RCN0000009570336243362111251203
0518206    00218EUR2 6028300385705041225     LIBBREDFRPPXXX
0518206    00218EUR2 6028300385705041225     MMOEUR200000000001715
0418206000000218EUR2E6028300385705041225  041225VIR BPCE MUTUELLE 550155500638   5500638100000000000085G
0518206    00218EUR2 6028300385705041225     NPYBPCE MUTUELLE
0518206    00218EUR2 6028300385705041225     NBEGOURSON MARION
0518206    00218EUR2 6028300385705041225     LCCTP-20251202-BPCE MUTUELLE       -957033624-BPCE MUT  -8385-
0518206    00218EUR2 6028300385705041225     RCN550155500638
0518206    00218EUR2 6028300385705041225     LIBCEPAFRPP513
0518206    00218EUR2 6028300385705041225     MMOEUR200000000000857
0418206000000218EUR2E6028300385705041225  041225VIR MUTUELLE COMPLEMENTAIRE D A  7033624100000000000053F
0518206    00218EUR2 6028300385705041225     NPYMUTUELLE COMPLEMENTAIRE D ALSACE (CEA)
0518206    00218EUR2 6028300385705041225     NBEMARION GOURSON
0518206    00218EUR2 6028300385705041225     LCCTP-20251203-MC.ALSACE (MCA)     -957033624-0778900027-8385-
0518206    00218EUR2 6028300385705041225     RCNV18886-00397-034531557T 957033624
0518206    00218EUR2 6028300385705041225     LIBCEPAFRPP513
0518206    00218EUR2 6028300385705041225     MMOEUR200000000000536
0418206000000218EUR2E6028300385705041225  041225VIR ALMERYS 24YN73RTBXOE9        0000000100000000001798D
0518206    00218EUR2 6028300385705041225     NPYALMERYS
0518206    00218EUR2 6028300385705041225     NBEGOURSON MARION
0518206    00218EUR2 6028300385705041225     LCCTP-20251203-ALMERYS TP          -957033624-0098532001-8385-
0518206    00218EUR2 6028300385705041225     RCN24YN73RTBXOE9
0518206    00218EUR2 6028300385705041225     LIBSOGEFRPPXXX
0518206    00218EUR2 6028300385705041225     MMOEUR200000000017984
0418206000000218EUR2E6028300385705041225  041225VIR ALMERYS 7P2745B5P7S7         0000000100000000000085G
0518206    00218EUR2 6028300385705041225     NPYALMERYS
0518206    00218EUR2 6028300385705041225     NBEGOURSON MARION
0518206    00218EUR2 6028300385705041225     LCCTP-20251202-ALMERYS TP          -957033624-0098532001-8385-
0518206    00218EUR2 6028300385705041225     RCN7P2745B5P7S7
0518206    00218EUR2 6028300385705041225     LIBSOGEFRPPXXX
0518206    00218EUR2 6028300385705041225     MMOEUR200000000000857
0418206000000218EUR2E6028300385705041225  041225VIR ALMERYS 7P27457NEEPD         0000000100000000002511F
0518206    00218EUR2 6028300385705041225     NPYALMERYS
0518206    00218EUR2 6028300385705041225     NBEGOURSON MARION
0518206    00218EUR2 6028300385705041225     LCCTP-20251202-ALMERYS TP          -957033624-0098532001-8385-
0518206    00218EUR2 6028300385705041225     RCN7P27457NEEPD
0518206    00218EUR2 6028300385705041225     LIBSOGEFRPPXXX
0518206    00218EUR2 6028300385705041225     MMOEUR200000000025116
0418206000000218EUR2E6028300385705041225  041225VIR GENERATION 166678289         6678289100000000000653B
0518206    00218EUR2 6028300385705041225     NPYGENERATION
0518206    00218EUR2 6028300385705041225     NBEGOURSON MARION KINESITHERAPEUTE
0518206    00218EUR2 6028300385705041225     LCCTP-20251203-GENERATION-957033624-4013310010-8385
0518206    00218EUR2 6028300385705041225     RCN166678289
0518206    00218EUR2 6028300385705041225     LIBCMCIFRPPXXX
0518206    00218EUR2 6028300385705041225     MMOEUR200000000006532
0418206000000218EUR2E6028300385705041225  041225VIR CPAM MAINE-ET-LOIRE 0000009  0251203100000000002254H
0518206    00218EUR2 6028300385705041225     NPYCPAM MAINE-ET-LOIRE
0518206    00218EUR2 6028300385705041225     NBEGOURSON MARION
0518206    00218EUR2 6028300385705041225     LCC0000009570336243363770251203
0518206    00218EUR2 6028300385705041225     RCN0000009570336243363770251203
0518206    00218EUR2 6028300385705041225     LIBCDCGFRPPXXX
0518206    00218EUR2 6028300385705041225     MMOEUR200000000022548
0418206000000218EUR2E6028300385705041225  041225VIR MGEN OWLQ0000001734112       1734112100000000000085G
0518206    00218EUR2 6028300385705041225     NPYMGEN
0518206    00218EUR2 6028300385705041225     NBEMLE GOURSON MARION
0518206    00218EUR2 6028300385705041225     LCCTP-20251201-078OWNP72961856 -957033624-0775685399-8385-
0518206    00218EUR2 6028300385705041225     RCNOWLQ0000001734112
0518206    00218EUR2 6028300385705041225     LIBBNPAFRPPXXX
0518206    00218EUR2 6028300385705041225     MMOEUR200000000000857
0418206000000218EUR2E6028300385705041225  041225VIR CPAM HAUTS DE SEINE SEPA 00  1251203100000000000214F
0518206    00218EUR2 6028300385705041225     NPYCPAM HAUTS DE SEINE SEPA
0518206    00218EUR2 6028300385705041225     NBEGOURSON MARION
0518206    00218EUR2 6028300385705041225     LCC0000009570336243369281251203
0518206    00218EUR2 6028300385705041225     RCN0000009570336243369281251203
0518206    00218EUR2 6028300385705041225     LIBBREDFRPPXXX
0518206    00218EUR2 6028300385705041225     MMOEUR200000000002146
0418206000000218EUR2E6028300385705041225  041225VIR CPAM ESSONNE 00000095703362  1251203100000000000939E
0518206    00218EUR2 6028300385705041225     NPYCPAM ESSONNE
0518206    00218EUR2 6028300385705041225     NBEGOURSON MARION
0518206    00218EUR2 6028300385705041225     LCC0000009570336243361831251203
0518206    00218EUR2 6028300385705041225     RCN0000009570336243361831251203
0518206    00218EUR2 6028300385705041225     LIBBREDFRPPXXX
0518206    00218EUR2 6028300385705041225     MMOEUR200000000009395
0418206000000218EUR2E6028300385705041225  041225VIR CPAM DES YVELINES 000000957  2251203100000000007283F
0518206    00218EUR2 6028300385705041225     NPYCPAM DES YVELINES
0518206    00218EUR2 6028300385705041225     NBEGOURSON MARION
0518206    00218EUR2 6028300385705041225     LCC0000009570336243361082251203
0518206    00218EUR2 6028300385705041225     RCN0000009570336243361082251203
0518206    00218EUR2 6028300385705041225     LIBBREDFRPPXXX
0518206    00218EUR2 6028300385705041225     MMOEUR200000000072836
0418206000000218EUR2E6028300385705041225  041225VIR CPAM DU VAL D OISE 00000095  0251203100000000017499A
0518206    00218EUR2 6028300385705041225     NPYCPAM DU VAL D OISE
0518206    00218EUR2 6028300385705041225     NBEGOURSON MARION
0518206    00218EUR2 6028300385705041225     LCC0000009570336243368500251203
0518206    00218EUR2 6028300385705041225     RCN0000009570336243368500251203
0518206    00218EUR2 6028300385705041225     LIBBREDFRPPXXX
0518206    00218EUR2 6028300385705041225     MMOEUR200000000174991
0418206000000218EUR2E6028300385705041225  041225VIR CAMIEG 00000095703362433600  1251203100000000000450I
0518206    00218EUR2 6028300385705041225     NPYCAMIEG
0518206    00218EUR2 6028300385705041225     NBEGOURSON MARION
0518206    00218EUR2 6028300385705041225     LCC0000009570336243360091251203
0518206    00218EUR2 6028300385705041225     RCN0000009570336243360091251203
0518206    00218EUR2 6028300385705041225     LIBBREDFRPPXXX
0518206    00218EUR2 6028300385705041225     MMOEUR200000000004509
0418206000000218EUR2E6028300385705041225  041225VIR CPAM 75 PRESTATIONS 0000009  1251203100000000000296I
0518206    00218EUR2 6028300385705041225     NPYCPAM 75 PRESTATIONS
0518206    00218EUR2 6028300385705041225     NBEGOURSON MARION
0518206    00218EUR2 6028300385705041225     LCC0000009570336243362201251203
0518206    00218EUR2 6028300385705041225     RCN0000009570336243362201251203
0518206    00218EUR2 6028300385705041225     LIBBREDFRPPXXX
0518206    00218EUR2 6028300385705041225     MMOEUR200000000002969
0418206000000218EUR2E6028300385705041225  041225VIR MPGR 0268410038720000000000  2620263100000000000085H
0518206    00218EUR2 6028300385705041225     NPYMPGR
0518206    00218EUR2 6028300385705041225     NBEGOURSON MARION
0518206    00218EUR2 6028300385705041225     LCCTP-20251202-MUTUELLE RATP       -957033624-0075010696-8385-
0518206    00218EUR2 6028300385705041225     RCN02684100387200000000000000012620263
0518206    00218EUR2 6028300385705041225     LIBBREDFRPPXXX
0518206    00218EUR2 6028300385705041225     MMOEUR200000000000858
0418206000000218EUR2E6028300385705041225  041225VIR CETIP CETIP 000190-95703362  7033624100000000001787I
0518206    00218EUR2 6028300385705041225     NPYCETIP CETIP
0518206    00218EUR2 6028300385705041225     NBEMARION GOURSON
0518206    00218EUR2 6028300385705041225     LCCTP-20251204-SPSANT              -957033624-0000476776-8385-
0518206    00218EUR2 6028300385705041225     RCN000190-957033624
0518206    00218EUR2 6028300385705041225     LIBCCFRFRPPXXX
0518206    00218EUR2 6028300385705041225     MMOEUR200000000017879
0418206000000218EUR2E6028300385705041225  041225VIR CETIP CETIP 000190-95703362  7033624100000000001288F
0518206    00218EUR2 6028300385705041225     NPYCETIP CETIP
0518206    00218EUR2 6028300385705041225     NBEMARION GOURSON
0518206    00218EUR2 6028300385705041225     LCCTP-20251204-ISANTE              -957033624-0000476776-8385-
0518206    00218EUR2 6028300385705041225     RCN000190-957033624
0518206    00218EUR2 6028300385705041225     LIBCCFRFRPPXXX
0518206    00218EUR2 6028300385705041225     MMOEUR200000000012886
0418206000000218EUR2E6028300385705041225  041225VIR VIAMEDIS TP-20251128-VIREME  0000000100000000001220B
0518206    00218EUR2 6028300385705041225     NPYVIAMEDIS
0518206    00218EUR2 6028300385705041225     NBEMARION GOURSON
0518206    00218EUR2 6028300385705041225     LCCTP-20251128-VIREMENT 8591645    -957033624-VM00100000-8385-
0518206    00218EUR2 6028300385705041225     RCNTP-20251128-VIREMENT 8591645    -95
0518206    00218EUR2 6028300385705041225     LIBBNPAFRPPXXX
0518206    00218EUR2 6028300385705041225     MMOEUR200000000012202
0418206000000218EUR2E6028300385705041225  041225VIR MUTUALITE SOCIALE AGRICOLE   2751000100000000000128H
0518206    00218EUR2 6028300385705041225     NPYMUTUALITE SOCIALE AGRICOLE D ILE DE FRANCE
0518206    00218EUR2 6028300385705041225     NBEMARION GOURSON
0518206    00218EUR2 6028300385705041225     NPOMUTUALITE SOCIALE AGRICOLE D ILE DE FRANCE
0518206    00218EUR2 6028300385705041225     LCC2025120200000095703362 02751000
0518206    00218EUR2 6028300385705041225     RCN2025120200000095703362 02751000
0518206    00218EUR2 6028300385705041225     LIBCMCIFRPPCOR
0518206    00218EUR2 6028300385705041225     MMOEUR200000000001288
0418206002600218EUR2E60283003857C1041225  041225VIR INST VERS LAURA FLOCH        0000000000000000005589J
0518206    00218EUR2 60283003857C1041225     NPYMADAME GOURSON MARION
0518206    00218EUR2 60283003857C1041225     NBELAURA FLOCH
0518206    00218EUR2 60283003857C1041225     RCNRETROS HONORAIRES
0518206    00218EUR2 60283003857C1041225     REF                                   4F1927818F6A461FB1916F01030CF856
0518206    00218EUR2 60283003857C1041225     CBEFR7610207000502421972470831
0418206002600218EUR2E6028300385706041225  041225WEB SOUQUET  LUCIE EI RETROS HO  0000000000000000014257}
0518206    00218EUR2 6028300385706041225     NPYMADAME   GOURSON MARION
0518206    00218EUR2 6028300385706041225     NBESOUQUET  LUCIE EI
0518206    00218EUR2 6028300385706041225     RCNRETROS HONORAIRES
0518206    00218EUR2 6028300385706041225     LIBAGRIFRPP882
0518206    00218EUR2 6028300385706041225     MMOEUR200000000142570
0518206    00218EUR2 6028300385706041225     CBEFR7618206004436510407924010
0718206    00218EUR2 60283003857  041225                                                  0000001166355D
0118206    00336EUR2 65076692184  031225CSE STOKOMANI OEUVRES SOCIALES   COMPTE COURANT   0000000034104H  233
0718206    00336EUR2 65076692184  041225        ------------------------------            0000000034104H
0118206    00336EUR2 65043988559  031225CABALOI                          COMPTE COURANT   0000000001063G  233
0718206    00336EUR2 65043988559  041225        ------------------------------            0000000001063G
0118206    00143EUR2 65086554825  031225LK DEVELOPPEMENT                 COMPTE COURANT   0000000069337C  233
0418206000000143EUR2E6508655482505041225  041225VIR ASP AGENCE COMPTABLE 1D0750  0697836100000000010000{
0518206    00143EUR2 6508655482505041225     NPYASP AGENCE COMPTABLE
0518206    00143EUR2 6508655482505041225     NBESAVANE MOUSSON RESTAURAN
0518206    00143EUR2 6508655482505041225     NBUSAVANE   MOUSSON RESTAURANT 1
0518206    00143EUR2 6508655482505041225     LCC155966487 AUEA AUEA04117756780 MINISTERE DU TRAVAIL AIDE UNIQUE APPREN
0518206    00143EUR2 6508655482505041225     LC2TI SAVANE   MOUSSON RESTAURANT 1
0518206    00143EUR2 6508655482505041225     RCN1D0750000155966487-TEL---0240697836
0518206    00143EUR2 6508655482505041225     LIBTRPUFRP1XXX
0518206    00143EUR2 6508655482505041225     MMOEUR200000000100000
0418206000000143EUR2E6508655482505041225  041225VIR EDENRED FRANCE VSCT-TX-1956  0000000100000000000198G
0518206    00143EUR2 6508655482505041225     NPYEDENRED FRANCE
0518206    00143EUR2 6508655482505041225     NBESAS SAVANE ET MOUSSON RE
0518206    00143EUR2 6508655482505041225     LCCERF-TRD-2121475-02122025-1
0518206    00143EUR2 6508655482505041225     RCNVSCT-TX-19561
0518206    00143EUR2 6508655482505041225     LIBSOGEFRPPXXX
0518206    00143EUR2 6508655482505041225     MMOEUR200000000001987
0418206000000143EUR2E6508655482505041225  041225VIR SAVANE   MOUSSON RESTAURANT  0000000100000000005796F
0518206    00143EUR2 6508655482505041225     NPYSAVANE   MOUSSON RESTAURANT 1
0518206    00143EUR2 6508655482505041225     NBESAVANE   MOUSSON RESTAURANT 1
0518206    00143EUR2 6508655482505041225     LCCTRANSFERT YAVIN 1080788 - TOTAL ENCAISSE 584.9 EUROS - SAVANE MOUSSON
0518206    00143EUR2 6508655482505041225     LC2RESTAURANT 1
0518206    00143EUR2 6508655482505041225     LIBGAILFRP1XXX
0518206    00143EUR2 6508655482505041225     MMOEUR200000000057966
0418206000100143EUR2E6508655482504041225  041225PARIS RICHARD LEN 04/12/25 15H0  0000000100000000008800{
0718206    00143EUR2 65086554825  041225                                                  0000000094132F
0130004    02036EUR2 00010164948  031225R&S GROUP                        CCE R&S GROUP    0000000028516H
0730004    02036EUR2 00010164948  041225                                                  0000000028516H
0130004    00571EUR2 00010234419  031225DOCTEUR ANTOINE HUART            COMPTE COURANT   0000000063187F
0430004008300571EUR2 0001023441928041225  041225DU 031225 CEF-YESSS AG104 DEAUV  00000000 0000000000700OILLE CARTE 4974X
0530004    00571EUR2 0001023441928041225     LIBXXXXXXX2256
0430004008300571EUR2 0001023441928041225  041225DU 031225 E.LECLERC DAC TOUQUES  00000000 0000000001012Q CARTE 4974XXXXX
0530004    00571EUR2 0001023441928041225     LIBXXX2256
0430004008300571EUR2 0001023441928041225  041225DU 031225 MERCADIER ROUEN CARTE  00000000 0000000002323} 4974XXXXXXXX225
0530004    00571EUR2 0001023441928041225     LIB6
0730004    00571EUR2 00010234419  041225                                                  0000000059151B
0130004    00821EUR2 00010364150  031225DSCM                             COMPTE COURANT   0000000092463A
0430004081300821EUR2 00010364150B1041225  041225PRLV SEPA/OVH SAS                       0 0000000000011RFR90ZZZ460983
0530004    00821EUR2 00010364150B1041225     NBEOVH SAS
0530004    00821EUR2 00010364150B1041225     IBEFR90ZZZ460983
0530004    00821EUR2 00010364150B1041225     LCCPAYMENT FOR ORDER 239464491
0530004    00821EUR2 00010364150B1041225     RCNTWLN38014540F
0530004    00821EUR2 00010364150B1041225     RUMTM92744-OVH-FR-1                   RCUR
0730004    00821EUR2 00010364150  041225                                                  0000000092451B
0130004    00585EUR2 00010003620  031225LA PAUSE DETENTE                 COMPTE COURANT   0000000127768E
0730004    00585EUR2 00010003620  041225                                                  0000000127768E
0130004    00921EUR2 00010107993  031225PROLIFIK RECORDS              PROLIFIK RECORDS    0000001355972F
0430004001200921EUR2 0001010799362031225  041225SUR REMISE C.B. DU 0312 N.01777  00000001 0000000000172J N.COM.477564601
0530004    00921EUR2 0001010799362031225     LIB5
0430004009900921EUR2 0001010799330031225  0412250312 N.01777 DE 95ERMONT         001777   0000000018707H   N.COM.4775646
0530004    00921EUR2 0001010799330031225     LIB0312 N.01777 DE 95ERMONT N.COM.4775646015
0730004    00921EUR2 00010107993  041225                                                  0000001374508C
0130004    00562EUR2 00010034553  031225DEGRAEVE JULIEN                  COMPTE COURANT   0000000227938F
0730004    00562EUR2 00010034553  041225                                                  0000000227938F
0130004    00889EUR2 00010193804  031225CABALOI                          COMPTE COURANT   0000000012048H
0730004    00889EUR2 00010193804  041225                                                  0000000012048H
0130004    00818EUR2 00012290484  031225BCP SARL                                          0000000492821I
0730004    00818EUR2 00012290484  041225                                                  0000000492821I
0130004    00921EUR2 00023068544  031225GV LOGEMENT                      COMPTE COURANT   0000000111503A
0430004000100921EUR2 0002306854401041225  031225CHEQUE N.8072576                 80725760 0000000000375}
0430004008400921EUR2 0002306854429041225  04122503/12/25 17H20 034837 BNP PARIB  00000000 0000000003000}AS ENGHIEN LES B
0530004    00921EUR2 0002306854429041225     LIB 0004974XXXXXXXX3714
0730004    00921EUR2 00023068544  041225                                                  0000000108128A
0130004    00291EUR2 00010035913  031225L ABAT JOUR                      COMPTE COURANT   0000000272857{
0430004051600291EUR2 00010035913C1041225  041225FACTURE NOVEMBRE                 00000000 0000000002100}NOTPROVIDED
0530004    00291EUR2 00010035913C1041225     LCCFACTURE NOVEMBRE
0530004    00291EUR2 00010035913C1041225     NBEGROUPGOHIGOBERTO
0530004    00291EUR2 00010035913C1041225     REF323C552020D84A29A37E4256905E374C
0530004    00291EUR2 00010035913C1041225     RCNNOTPROVIDED
0730004    00291EUR2 00010035913  041225                                                  0000000270757{
0130004    00921EUR2 00010035155  031225MENILLET COURTAGE                COMPTE COURANT   0000002540513E
0430004052900921EUR2 0001003515521041225  041225/MOTIF 2F MONDIA FA2025/0588 /B         0 0000000000972}
0530004    00921EUR2 0001003515521041225     NPY2F PROTECTION
0530004    00921EUR2 0001003515521041225     NBEMONDIALISOL
0530004    00921EUR2 0001003515521041225     LCC2F MONDIA FA2025/0588
0530004    00921EUR2 0001003515521041225     RCN2F MONDIA FA2025/0588
0530004    00921EUR2 0001003515521041225     REF2F MONDIA FA                       2F MONDIA FA
0530004    00921EUR2 0001003515521041225     CBEFR7630004020360001010680220
0430004052900921EUR2 0001003515521041225  041225/MOTIF 2F MONDIA FA2025/0587 /B         0 0000000000972}
0530004    00921EUR2 0001003515521041225     NPY2F PROTECTION
0530004    00921EUR2 0001003515521041225     NBEMONDIALISOL
0530004    00921EUR2 0001003515521041225     LCC2F MONDIA FA2025/0587
0530004    00921EUR2 0001003515521041225     RCN2F MONDIA FA2025/0587
0530004    00921EUR2 0001003515521041225     REF2F MONDIA FA                       2F MONDIA FA
0530004    00921EUR2 0001003515521041225     CBEFR7630004020360001010680220
0430004052900921EUR2 0001003515521041225  041225/MOTIF 2F MONDIA FA2025/0595 /B         0 0000000000972}
0530004    00921EUR2 0001003515521041225     NPY2F PROTECTION
0530004    00921EUR2 0001003515521041225     NBEMONDIALISOL
0530004    00921EUR2 0001003515521041225     LCC2F MONDIA FA2025/0595
0530004    00921EUR2 0001003515521041225     RCN2F MONDIA FA2025/0595
0530004    00921EUR2 0001003515521041225     REF2F MONDIA FA                       2F MONDIA FA
0530004    00921EUR2 0001003515521041225     CBEFR7630004020360001010680220
0430004052900921EUR2 0001003515521041225  041225/MOTIF 2F MONDIA FA2025/0597 /B         0 0000000001927O
0530004    00921EUR2 0001003515521041225     NPY2F PROTECTION
0530004    00921EUR2 0001003515521041225     NBEMONDIALISOL
0530004    00921EUR2 0001003515521041225     LCC2F MONDIA FA2025/0597
0530004    00921EUR2 0001003515521041225     RCN2F MONDIA FA2025/0597
0530004    00921EUR2 0001003515521041225     REF2F MONDIA FA                       2F MONDIA FA
0530004    00921EUR2 0001003515521041225     CBEFR7630004020360001010680220
0430004052900921EUR2 0001003515521041225  041225/MOTIF 2F MONDIA FA2025/0599 /B         0 0000000001927O
0530004    00921EUR2 0001003515521041225     NPY2F PROTECTION
0530004    00921EUR2 0001003515521041225     NBEMONDIALISOL
0530004    00921EUR2 0001003515521041225     LCC2F MONDIA FA2025/0599
0530004    00921EUR2 0001003515521041225     RCN2F MONDIA FA2025/0599
0530004    00921EUR2 0001003515521041225     REF2F MONDIA FA                       2F MONDIA FA
0530004    00921EUR2 0001003515521041225     CBEFR7630004020360001010680220
0430004052900921EUR2 0001003515521041225  041225/MOTIF 2F MONDIA FA2025/0602 /B         0 0000000004047}
0530004    00921EUR2 0001003515521041225     NPY2F PROTECTION
0530004    00921EUR2 0001003515521041225     NBEMONDIALISOL
0530004    00921EUR2 0001003515521041225     LCC2F MONDIA FA2025/0602
0530004    00921EUR2 0001003515521041225     RCN2F MONDIA FA2025/0602
0530004    00921EUR2 0001003515521041225     REF2F MONDIA FA                       2F MONDIA FA
0530004    00921EUR2 0001003515521041225     CBEFR7630004020360001010680220
0430004052900921EUR2 0001003515521041225  041225/MOTIF 2F MONDIA FA2025/0591 /B         0 0000000004380}
0530004    00921EUR2 0001003515521041225     NPY2F PROTECTION
0530004    00921EUR2 0001003515521041225     NBEMONDIALISOL
0530004    00921EUR2 0001003515521041225     LCC2F MONDIA FA2025/0591
0530004    00921EUR2 0001003515521041225     RCN2F MONDIA FA2025/0591
0530004    00921EUR2 0001003515521041225     REF2F MONDIA FA                       2F MONDIA FA
0530004    00921EUR2 0001003515521041225     CBEFR7630004020360001010680220
0430004052900921EUR2 0001003515521041225  041225/MOTIF 2F MONDIA FA2025/0598 /B         0 0000000004659}
0530004    00921EUR2 0001003515521041225     NPY2F PROTECTION
0530004    00921EUR2 0001003515521041225     NBEMONDIALISOL
0530004    00921EUR2 0001003515521041225     LCC2F MONDIA FA2025/0598
0530004    00921EUR2 0001003515521041225     RCN2F MONDIA FA2025/0598
0530004    00921EUR2 0001003515521041225     REF2F MONDIA FA                       2F MONDIA FA
0530004    00921EUR2 0001003515521041225     CBEFR7630004020360001010680220
0430004052900921EUR2 0001003515521041225  041225/MOTIF 2F MONDIA FA2025/0600 /B         0 0000000005542O
0530004    00921EUR2 0001003515521041225     NPY2F PROTECTION
0530004    00921EUR2 0001003515521041225     NBEMONDIALISOL
0530004    00921EUR2 0001003515521041225     LCC2F MONDIA FA2025/0600
0530004    00921EUR2 0001003515521041225     RCN2F MONDIA FA2025/0600
0530004    00921EUR2 0001003515521041225     REF2F MONDIA FA                       2F MONDIA FA
0530004    00921EUR2 0001003515521041225     CBEFR7630004020360001010680220
0430004052900921EUR2 0001003515521041225  041225/MOTIF 2F MONDIA FA2025/0606 /B         0 0000000007662}
0530004    00921EUR2 0001003515521041225     NPY2F PROTECTION
0530004    00921EUR2 0001003515521041225     NBEMONDIALISOL
0530004    00921EUR2 0001003515521041225     LCC2F MONDIA FA2025/0606
0530004    00921EUR2 0001003515521041225     RCN2F MONDIA FA2025/0606
0530004    00921EUR2 0001003515521041225     REF2F MONDIA FA                       2F MONDIA FA
0530004    00921EUR2 0001003515521041225     CBEFR7630004020360001010680220
0730004    00921EUR2 00010035155  041225                                                  0000002507451G
0130004    02790EUR2 00010160471  031225SCI DE L'ATELIER                 COMPTE COURANT   0000000018509G
0730004    02790EUR2 00010160471  041225                                                  0000000018509G
0130004    00562EUR2 00010034254  031225EGV HOLDING                      COMPTE COURANT   0000000804937H
0730004    00562EUR2 00010034254  041225                                                  0000000804937H
0130004    01133EUR2 00010036673  031225BREIZH EXOTIK EPICERIE                            0000000070922{
0730004    01133EUR2 00010036673  041225                                                  0000000070922{
0130004    03130EUR2 00011151188  031225SCI DC                           COMPTE COURANT   0000000165177E
0730004    03130EUR2 00011151188  041225                                                  0000000165177E
0142559RLV 10000EUR2 08010694197  031225COMBAT AVOCATS                Compte courant Comb 0000000191985GE0086066
0442559RLV 10000EUR2E08010694197B1041225  041225*FR27ZZZ10923AGIPI-ADIS          08827071 0000000015000}
0542559    10000EUR2 08010694197B1041225     LIB*FR27ZZZ10923AGIPI ADIS
0542559    10000EUR2 08010694197B1041225     NPYTHEMA PLUS
0542559    10000EUR2 08010694197B1041225     LCC0010561755
0542559    10000EUR2 08010694197B1041225     RCNAGIPI Epargne Retraite 0010561755
0542559    10000EUR2 08010694197B1041225     RUMFR27ZZZ109231 000598552 0001       RCUR
0542559    10000EUR2 08010694197B1041225     CPYFR7642559100000801069791487
0542559    10000EUR2 08010694197B1041225     NBEAGIPI ADIS
0542559    10000EUR2 08010694197B1041225     IBEFR06ZZZ553287                      SEPA
0742559RLV 10000EUR2 08010694197  041225                                                  0000000176985G
0142559RLV 10000EUR2 08011534940  031225SCI LES PETITS PRES              COMPTE COURANT   0000000131121I80008475
0742559RLV 10000EUR2 08011534940  041225                                                  0000000131121I
0118206    00199EUR2 65092259646  031225CABALOI                          COMPTE COURANT   0000000900000{  233
0718206    00199EUR2 65092259646  041225        ------------------------------            0000000900000{
0118206    00062EUR2 60270106618  031225ELEKTROMENAGER BZH                                0000000012679F  233
0418206000000062EUR2E60270106618C2041225  041225VIR INST DE MLLE FLORENCE VARGA  0000000100000000005060{
0518206    00062EUR2 60270106618C2041225     NPYMLLE FLORENCE VARGA
0518206    00062EUR2 60270106618C2041225     NBEBOIS BENJAMIN
0518206    00062EUR2 60270106618C2041225     LCCFACTURE
0518206    00062EUR2 60270106618C2041225     RCNFACTURE 609 / 2025 PLAFOND
0518206    00062EUR2 60270106618C2041225     REF270000002750530003000000404D5347   88993EB6F15C404AB76EC121A451BEDC
0518206    00062EUR2 60270106618C2041225     CBEFR7618206000626027010816604
0718206    00062EUR2 60270106618  041225                                                  0000000017739F
0118206    00439EUR2 65042754191  031225M&P                              COMPTE COURANT   0000000021685H  233
0718206    00439EUR2 65042754191  041225        ------------------------------            0000000021685H
0118206    00158EUR2 65016065960  031225SIVASOORIYALINGAM SIVALOGINI     COMPTE COURANT   0000000458933E  233
0418206002600158EUR2E6501606596006031225  031225WEB DREWART FACTURE 21/2025      0000000000000000076200}
0518206    00158EUR2 6501606596006031225     NPYS.A.R.L. REITER RENOVATION
0518206    00158EUR2 6501606596006031225     NBEDREWART
0518206    00158EUR2 6501606596006031225     RCNFACTURE 21/2025
0518206    00158EUR2 6501606596006031225     LIBAGRIFRPP882
0518206    00158EUR2 6501606596006031225     MMOEUR200000000762000
0518206    00158EUR2 6501606596006031225     CBEPL35124026301978001024085981
0418206000000158EUR2E6501606596005041225  041225VIR MLE LAURA LINDEGAARD VK5337  0000000100000000012500{
0518206    00158EUR2 6501606596005041225     NPYMLE LAURA LINDEGAARD
0518206    00158EUR2 6501606596005041225     NBEREITER RENOVATION
0518206    00158EUR2 6501606596005041225     LCCVIR DE MLE LAURA LINDEGAARD
0518206    00158EUR2 6501606596005041225     RCNVK53373H2GTKXH01
0518206    00158EUR2 6501606596005041225     LIBCMCIFRPPXXX
0518206    00158EUR2 6501606596005041225     MMOEUR200000000125000
0418206005200158EUR2E6501606596011041225  041225CARTE X7332 SOCIETE NOUVELLE RO  0000000000000000002424K
0718206    00158EUR2 65016065960  041225                                                  0000000392809C
0118206    00143EUR2 65071923581  031225RENAUD MARYVONNE                                  0000000267952D  233
0418206000000143EUR2E6507192358105041225  041225VIR ASP AGENCE COMPTABLE 1D0750  1062424100000000015000{
0518206    00143EUR2 6507192358105041225     NPYASP AGENCE COMPTABLE
0518206    00143EUR2 6507192358105041225     NBESAS SAVANE MOUSSON
0518206    00143EUR2 6507192358105041225     NBUSAVANE   MOUSSON
0518206    00143EUR2 6507192358105041225     LCC155899079 AUEA AUEA04102328810 MINISTERE DU TRAVAIL AIDE UNIQUE APPREN
0518206    00143EUR2 6507192358105041225     LC2TI SAVANE   MOUSSON
0518206    00143EUR2 6507192358105041225     RCN1D0750000155899079-TEL---0231062424
0518206    00143EUR2 6507192358105041225     LIBTRPUFRP1XXX
0518206    00143EUR2 6507192358105041225     MMOEUR200000000150000
0418206000000143EUR2E6507192358105041225  041225VIR GASEL 20251110-1364/251134/  0000000100000000007458{
0518206    00143EUR2 6507192358105041225     NPYGASEL
0518206    00143EUR2 6507192358105041225     NBESAVANE ET MOUSSON
0518206    00143EUR2 6507192358105041225     RCN20251110-1364/251134/21-11-2025
0518206    00143EUR2 6507192358105041225     LIBSOGEFRPPXXX
0518206    00143EUR2 6507192358105041225     MMOEUR200000000074580
0418206000000143EUR2E6507192358105041225  041225VIR EDENRED FRANCE VSCT-TX-2205  0000000100000000000095H
0518206    00143EUR2 6507192358105041225     NPYEDENRED FRANCE
0518206    00143EUR2 6507192358105041225     NBESAS SAVANE ET MOUSSON
0518206    00143EUR2 6507192358105041225     LCCERF-TRD-2114880-02122025-1
0518206    00143EUR2 6507192358105041225     RCNVSCT-TX-22059
0518206    00143EUR2 6507192358105041225     LIBSOGEFRPPXXX
0518206    00143EUR2 6507192358105041225     MMOEUR200000000000958
0418206000000143EUR2E6507192358105041225  041225VIR PLUXEE FRANCE SOD-TRD-20964  0112025100000000000602H
0518206    00143EUR2 6507192358105041225     NPYPLUXEE FRANCE
0518206    00143EUR2 6507192358105041225     NBESAVANE ET MOUSSON
0518206    00143EUR2 6507192358105041225     RCNSOD-TRD-2096492-30112025
0518206    00143EUR2 6507192358105041225     LIBSOGEFRPPXXX
0518206    00143EUR2 6507192358105041225     MMOEUR200000000006028
0418206000000143EUR2E6507192358105041225  041225VIR SAVANE   MOUSSON             0000000100000000000014A
0518206    00143EUR2 6507192358105041225     NPYSAVANE   MOUSSON
0518206    00143EUR2 6507192358105041225     NBESAVANE   MOUSSON
0518206    00143EUR2 6507192358105041225     LCCTRANSFERT YAVIN 1079029 - TOTAL ENCAISSE 36.4 EUROS - SAVANE ET MOUSSO
0518206    00143EUR2 6507192358105041225     LC2N
0518206    00143EUR2 6507192358105041225     LIBGAILFRP1XXX
0518206    00143EUR2 6507192358105041225     MMOEUR200000000000141
0418206002600143EUR2E65071923581C1041225  041225VIR INST VERS JULIEN DOAN TRADE  0000000000000000000233}
0518206    00143EUR2 65071923581C1041225     NPYS.A.S. SAVANE   MOUSSON
0518206    00143EUR2 65071923581C1041225     NBEJULIEN DOAN TRADE REP
0518206    00143EUR2 65071923581C1041225     RCNSISTA PLACE
0518206    00143EUR2 65071923581C1041225     REF                                   FF6ADFF91BD44A3882EEC2F18895D0B2
0518206    00143EUR2 65071923581C1041225     CBEFR7631233123450038151081145
0418206002600143EUR2E65071923581C1041225  041225VIR INST VERS ELEANOR GOSLING    0000000000000000018000}
0518206    00143EUR2 65071923581C1041225     NPYS.A.S. SAVANE   MOUSSON
0518206    00143EUR2 65071923581C1041225     NBEELEANOR GOSLING
0518206    00143EUR2 65071923581C1041225     RCN2510-230
0518206    00143EUR2 65071923581C1041225     REF                                   000E2A9148C34EC3A85DC37C9A2FD87F
0518206    00143EUR2 65071923581C1041225     CBEFR7630003033100002060687072
0418206005200143EUR2E6507192358111041225  041225CARTE X9808 PIXARTPRINTING QUAR  0000000000000000000386J
0418206009300143EUR2E65071923581A304122580271025PREL SAS SKELLO - SIRET   820 2  0000000100000000002256{
0518206    00143EUR2 65071923581A3041225     NBESAS SKELLO - SIRET   820 275 956 00036 R.C.S. PARIS
0518206    00143EUR2 65071923581A3041225     IBEFR17ZZZ8334D8                      SEPA
0518206    00143EUR2 65071923581A3041225     NPYMADAME DIABY
0518206    00143EUR2 65071923581A3041225     REF                                   CITISEPA241025001846110004288
0518206    00143EUR2 65071923581A3041225     RCNSTR16NATI6MDUXBTRQFMSRANCGV9877ANW
0518206    00143EUR2 65071923581A3041225     LIBMD06 CONTESTATION DEBITEUR
0518206    00143EUR2 65071923581A3041225     LCCSKELLO
0518206    00143EUR2 65071923581A3041225     RUMK1ZKPRJ9QFXWAVXI                   RCUR
0518206    00143EUR2 65071923581A3041225     CPYFR7618206001436507192185383
0418206009300143EUR2E65071923581A304122580311025PREL EXTRACADABRA SAS            0000000100000000002820{
0518206    00143EUR2 65071923581A3041225     NBEEXTRACADABRA SAS
0518206    00143EUR2 65071923581A3041225     IBEFR47ZZZ822E7F                      SEPA
0518206    00143EUR2 65071923581A3041225     NPYS A S SAVANE N A MOUSSON
0518206    00143EUR2 65071923581A3041225     REF                                   CITISEPA291025003575710009323
0518206    00143EUR2 65071923581A3041225     RCNSTR16NATK9ZDCX6H0EERFRANHV15EIKCBN
0518206    00143EUR2 65071923581A3041225     LIBMD06 CONTESTATION DEBITEUR
0518206    00143EUR2 65071923581A3041225     LCCWWW.EXTRACADABRA.COM
0518206    00143EUR2 65071923581A3041225     RUMNCOYBUYAFBG0YBLD                   RCUR
0518206    00143EUR2 65071923581A3041225     CPYFR7618206001436507192185383
0418206009300143EUR2E65071923581A304122580251125PREL SAS SKELLO - SIRET   820 2  0000000100000000002256{
0518206    00143EUR2 65071923581A3041225     NBESAS SKELLO - SIRET   820 275 956 00036 R.C.S. PARIS
0518206    00143EUR2 65071923581A3041225     IBEFR17ZZZ8334D8                      SEPA
0518206    00143EUR2 65071923581A3041225     NPYMADAME DIABY
0518206    00143EUR2 65071923581A3041225     REF                                   CITISEPA241125002595510016239
0518206    00143EUR2 65071923581A3041225     RCNSTR16NATTJLTHHSHYJUKHRAN8TTZVS0TEG
0518206    00143EUR2 65071923581A3041225     LIBMD06 CONTESTATION DEBITEUR
0518206    00143EUR2 65071923581A3041225     LCCSKELLO
0518206    00143EUR2 65071923581A3041225     RUMK1ZKPRJ9QFXWAVXI                   RCUR
0518206    00143EUR2 65071923581A3041225     CPYFR7618206001436507192185383
0418206002600143EUR2E65071923581C1041225  041225VIR INST VERS KHADISPAL          0000000000000000008300O
0518206    00143EUR2 65071923581C1041225     NPYS.A.S. SAVANE   MOUSSON
0518206    00143EUR2 65071923581C1041225     NBEKHADISPAL
0518206    00143EUR2 65071923581C1041225     RCNFC00325768
0518206    00143EUR2 65071923581C1041225     REF                                   65080B65558745E285C543BDC68A315A
0518206    00143EUR2 65071923581C1041225     CBEFR7630003037350002006424620
0718206    00143EUR2 65071923581  041225                                                  0000000271535D
0118206    00022EUR2 50807491006  031225FRENKIAN AVOCATS                 COMPTE COURANT   0000000004918C  233
0718206    00022EUR2 50807491006  041225        ------------------------------            0000000004918C
0118206    00372EUR2 60272850420  031225EIRL M ZHANG MARC                COMPTE COURANT   0000000005229H  233
0718206    00372EUR2 60272850420  041225        ------------------------------            0000000005229H
0118206    00105EUR2 65028723527  031225BEAUCE TOURAINE                                   0000000002871E  233
0718206    00105EUR2 65028723527  041225        ------------------------------            0000000002871E
0118206    00470EUR2 65094246886  031225SCI AMICHI DERACHE               COMPTE COURANT   0000000052682H  233
0718206    00470EUR2 65094246886  041225        ------------------------------            0000000052682H
0118206    00022EUR2 65044800570  031225TECHNIQUES ET NORMES DE COUVERT  COMPTE COURANT   0000000801404C  233
0418206000000022EUR2E6504480057005041225  041225VIR SGC SARCELLES 1609510802500  0000000100000000012356{
0518206    00022EUR2 6504480057005041225     NPYSGC SARCELLES
0518206    00022EUR2 6504480057005041225     NBEGARAGE GOSSET
0518206    00022EUR2 6504480057005041225     NPOECOUEN
0518206    00022EUR2 6504480057005041225     LCCFAC. 2025001293 DU 23/11/2025 REVISION CH042SY DEVIS 000157ECOUEN
0518206    00022EUR2 6504480057005041225     RCN1609510802500002122025-2562
0518206    00022EUR2 6504480057005041225     LIBBDFEFRPP
0518206    00022EUR2 6504480057005041225     MMOEUR200000000123560
0418206000000022EUR2E6504480057005041225  041225VIR SGC SARCELLES 1609510802500  0000000100000000006350B
0518206    00022EUR2 6504480057005041225     NPYSGC SARCELLES
0518206    00022EUR2 6504480057005041225     NBEGARAGE GOSSET
0518206    00022EUR2 6504480057005041225     NPOECOUEN
0518206    00022EUR2 6504480057005041225     LCCFAC. 2025001294 DU 23/11/2025 REVISION GF002BH DEVIS 000158ECOUEN
0518206    00022EUR2 6504480057005041225     RCN1609510802500002122025-2563
0518206    00022EUR2 6504480057005041225     LIBBDFEFRPP
0518206    00022EUR2 6504480057005041225     MMOEUR200000000063502
0418206000400022EUR2E6504480057030041225  041225CARTE 1891094 001 189148 04/12   0000000100000000013432C
0418206005800022EUR2E6504480057062041225  041225CARTE 1891094 001 189148 04/12   0000000100000000000067K
0418206000100022EUR2E6504480057004041225  041225LUZARCHES 8       04/12/25 15H5  0000000100000000010700{
0418206000200022EUR2E6504480057002041225  041225REMISE CHQ 5316859               5316859100000000038160{
0418206000200022EUR2E6504480057002041225  041225REMISE CHQ 5316861               5316861100000000003500{
0418206000200022EUR2E6504480057002041225  041225REMISE CHQ 5316862               5316862100000000005985F
0418206000200022EUR2E6504480057002041225  041225REMISE CHQ 5316863               5316863100000000001096D
0418206000200022EUR2E6504480057002041225  041225REMISE CHQ 5316864               5316864100000000018394I
0418206002100022EUR2E6504480057007041225  041225EFFET DOMICILIES                 00     000000000009505Q
0418206000200022EUR2E6504480057002041225  041225REMISE CHQ 5316860               5316860100000000065000{
0718206    00022EUR2 65044800570  041225                                                  0000000966806G
0118206    00190EUR2 19262511002  031225ARGIOS                           COMPTE COURANT   0000000000437M  233
0418206005000190EUR2E19262511002B1041225  041225YOUNITED                         0000000000000000000322L
0518206    00190EUR2 19262511002B1041225     NBEYOUNITED
0518206    00190EUR2 19262511002B1041225     IBEFR31ZZZ589503                      SEPA
0518206    00190EUR2 19262511002B1041225     NPYMARIO JOSE RANA DAS NEVES
0518206    00190EUR2 19262511002B1041225     REF303633374                          OPE-2025112745580385
0518206    00190EUR2 19262511002B1041225     LCCCREDIT BOUYGUES TELECOM PAR YOUNITED - MENSUALITE 12-2025 - CFR2025081
0518206    00190EUR2 19262511002B1041225     LC23KJQTMAO
0518206    00190EUR2 19262511002B1041225     RUMY6CYV3ECR098X0140TBJ               RCUR
0518206    00190EUR2 19262511002B1041225     CPYFR7618206001901926251200129
0718206    00190EUR2 19262511002  041225                                                  0000000000759P
0118206    00071EUR2 58605761009  031225SARL AGENCE DIAG EXPERT          COMPTE COURANT   0000000018814G  233
0718206    00071EUR2 58605761009  041225        ------------------------------            0000000018814G
0118206    00241EUR2 65062591136  031225ETABLISSEMENTS LAMY              COMPTE COURANT   0000000003207L  233
0718206    00241EUR2 65062591136  041225        ------------------------------            0000000003207L
0130056    00012EUR2 00120081919  031225BCP SARL                                          0000009027095D
0730056    00012EUR2 00120081919  041225                                                  0000009027095D
0118206    00465EUR2 65096286684  031225CHOUFFEUR ANTONY                                  0000000444371C  233
0418206005200465EUR2E6509628668411041225  041225CARTE X1549 POTAGER CITY PARIS   0000000000000000000034M
0718206    00465EUR2 65096286684  041225                                                  0000000444336I
0130004    01856EUR2 00010621048  031225SAS CASTAING                     COMPTE COURANT   0000000002698P
0730004    01856EUR2 00010621048  041225                                                  0000000002698P
0118206    00336EUR2 65047249361  031225RUBIS SUR L'ONGLE                COMPTE COURANT   0000000523578G  233
0418206005000336EUR2E65047249361B1041225  041225UP                               0000000000000000002359}
0518206    00336EUR2 65047249361B1041225     NBEUP
0518206    00336EUR2 65047249361B1041225     IBEFR95ZZZ374563                      SEPA
0518206    00336EUR2 65047249361B1041225     NPYETABLISSEMENTS BLIVET
0518206    00336EUR2 65047249361B1041225     REF303592307                          T253360011498929
0518206    00336EUR2 65047249361B1041225     LCCCCR   001997
0518206    00336EUR2 65047249361B1041225     RUMCDJAS0000029980000000000001        RCUR
0518206    00336EUR2 65047249361B1041225     CPYFR7618206003366504724163958
0418206000000336EUR2E6504724936105041225  041225VIR SDC LA CELLE ST ANTOINE 984  0984529100000000021415H
0518206    00336EUR2 6504724936105041225     NPYSDC LA CELLE ST ANTOINE
0518206    00336EUR2 6504724936105041225     NBEBLIVET
0518206    00336EUR2 6504724936105041225     LCCFA2025/835 BLIVET REMLT COLONN - VIRT BLIVET
0518206    00336EUR2 6504724936105041225     RCN984529
0518206    00336EUR2 6504724936105041225     LIBSOGEFRPPXXX
0518206    00336EUR2 6504724936105041225     MMOEUR200000000214158
0418206000000336EUR2E6504724936105041225  041225VIR MME AZAIS BENEDICTE DE ROYS  0000000100000000002900{
0518206    00336EUR2 6504724936105041225     NPYMME AZAIS BENEDICTE
0518206    00336EUR2 6504724936105041225     NBEBLIVET PLOMBERIE CHAUFFAGE COUVERTURE
0518206    00336EUR2 6504724936105041225     LCCDEVIS DE2025/560 8 SQUARE PALISSY
0518206    00336EUR2 6504724936105041225     RCNDE ROYS - PARC MONTAIGNE
0518206    00336EUR2 6504724936105041225     LIBSOGEFRPP
0518206    00336EUR2 6504724936105041225     MMOEUR200000000029000
0418206004400336EUR2E6504724936101041225  041225CHEQUE NO 5421126                5421126000000000020250}
0418206004400336EUR2E6504724936101041225  041225CHEQUE NO 5421127                5421127000000000019938M
0418206000000336EUR2E65047249361C2041225  041225VIR INST DE M M FAUCHEUX OU MME  0000000100000000002120{
0518206    00336EUR2 65047249361C2041225     NPYM M FAUCHEUX OU MME J SKAYRAK
0518206    00336EUR2 65047249361C2041225     NBEENTREPRISE BLIVET
0518206    00336EUR2 65047249361C2041225     LCCACOMPTE DEVIS N. 2025/566
0518206    00336EUR2 65047249361C2041225     LC2                                   ACOMPTE DEVIS N. 2025/566
0518206    00336EUR2 65047249361C2041225     RCNACOMPTE DEVIS N. 2025/566
0518206    00336EUR2 65047249361C2041225     REF3400000054C6470002000000404D5347   F620AFE41E68445FA877F8B460AC4BC8
0518206    00336EUR2 65047249361C2041225     CBEFR7618206003366504724163958
0418206000000336EUR2E65047249361C2041225  041225VIR INST DE MME EUSTACHE MIREIL  0000000100000000001496{
0518206    00336EUR2 65047249361C2041225     NPYMME   EUSTACHE MIREILLE
0518206    00336EUR2 65047249361C2041225     NBEBLIVET PLOMBIER
0518206    00336EUR2 65047249361C2041225     NBUBLIVET PLOMBIER
0518206    00336EUR2 65047249361C2041225     LCCVIREMENT DE MME EUSTACHE MIREILLE FACTURE FA2025/909
0518206    00336EUR2 65047249361C2041225     RCNVIREMENT DE MME EUSTACHE MIREILLE
0518206    00336EUR2 65047249361C2041225     REF010000003C214C0003000000404D5347   6530B61E23B847EBA43F2F3F92CE332D
0518206    00336EUR2 65047249361C2041225     CBEFR7618206003366504724163958
0418206000000336EUR2E65047249361C2041225  041225VIR INST DE LORIANE DEGROOT      0000000100000000001070{
0518206    00336EUR2 65047249361C2041225     NPYLORIANE DEGROOT
0518206    00336EUR2 65047249361C2041225     NBEBLIVET PLOMBIER
0518206    00336EUR2 65047249361C2041225     LCCVIREMENT DE LORIANE DEGROOT
0518206    00336EUR2 65047249361C2041225     REF3F000000DF9C5A0003000000404D5347   7E486D21558540798F90E0853BC8491D
0518206    00336EUR2 65047249361C2041225     CBEFR7618206003366504724163958
0718206    00336EUR2 65047249361  041225                                                  0000000510033A
0130004    00921EUR2 00010134820  031225RBL                           RBL                 0000000096958B
0430004081300921EUR2 00010134820B1041225  041225PRLV SEPA/MACSF-PREV-                   0 0000000000739RFR28ZZZ611964
0530004    00921EUR2 00010134820B1041225     NBEMACSF-PREV-
0530004    00921EUR2 00010134820B1041225     IBEFR28ZZZ611964
0530004    00921EUR2 00010134820B1041225     LCCPRELEVEMENT GLOBAL MACSF PREVOYANCE
0530004    00921EUR2 00010134820B1041225     RCNMACSF-PRE/2025-12-03R/7711282000001
0530004    00921EUR2 00010134820B1041225     RUM00MACSF-PREV-0000000000000000630016RCUR
0730004    00921EUR2 00010134820  041225                                                  0000000096218C
0130004    00292EUR2 00010140146  031225AGP RENOVATION                   COMPTE COURANT   0000000765768I
0430004008300292EUR2 0001014014628031225  03122533725626254ICORPORATE CARD25120  00000001 0000000000075O2TIRPAI 251231AC
0530004    00292EUR2 0001014014628031225     LIBTION 4320 ARGENTEUILLIT
0430004008300292EUR2 0001014014628031225  03122533725625418ICORPORATE CARD25120  00000001 0000000000156}2TIRPAI 251231LA
0530004    00292EUR2 0001014014628031225     LIBPOSTE L959570 ARGENT.C.VLIT
0730004    00292EUR2 00010140146  041225                                                  0000000765537C
0130004    00921EUR2 00010140763  031225DR OLIVIER GROBOST               GASTRO ENTEROLOGU0000000053061B
0730004    00921EUR2 00010140763  041225                                                  0000000053061B
0130004    00889EUR2 00010102554  031225LA PAUSE S'IMPOSE                COMPTE COURANT   0000000167965C
0430004056800889EUR2 0001010255418041225  041225CPAM DU VAL D OISE               0000000  0000000001728{0000009540439563
0530004    00889EUR2 0001010255418041225     NPYCPAM DU VAL D OISE
0530004    00889EUR2 0001010255418041225     IPY0                                  BICORBEI
0530004    00889EUR2 0001010255418041225     LCC0000009540439563368500251203
0530004    00889EUR2 0001010255418041225     RCN0000009540439563368500251203       PENS
0530004    00889EUR2 0001010255418041225     PDOFR FRANCE
0430004081300889EUR2 00010102554B1041225  041225PRLV SEPA/GROUPAMA GAN VIE              0 0000000002296MFR44ZZZ102911
0530004    00889EUR2 00010102554B1041225     NBEGROUPAMA GAN VIE
0530004    00889EUR2 00010102554B1041225     IBEFR44ZZZ102911
0530004    00889EUR2 00010102554B1041225     LCC  01GPR3N160006808X01 - 2500009KDB7 - ENCAISSEMENT - PRIME - 250000KDU
0530004    00889EUR2 00010102554B1041225     LC2SG - 01/12/2025 - 31/12/2025 - 3N160521320X
0530004    00889EUR2 00010102554B1041225     RCN500920391107-2500009KDB7
0530004    00889EUR2 00010102554B1041225     RUM  01GPR3N160006808X01              RCUR
0430004051600889EUR2 00010102554C1041225  041225DR BUVAL CLIENT 450888 FACTURE   00000000 0000000004952}NOTPROVIDED
0530004    00889EUR2 00010102554C1041225     LCCDR BUVAL CLIENT 450888 FACTURE 8627655
0530004    00889EUR2 00010102554C1041225     NBEMEGADENTAL
0530004    00889EUR2 00010102554C1041225     REF6A1DAAA1007F42198D35DDA757670FB5
0530004    00889EUR2 00010102554C1041225     RCNNOTPROVIDED
0430004051600889EUR2 00010102554C1041225  041225FACTURE BUVAL 01603              00000000 0000000005850}NOTPROVIDED
0530004    00889EUR2 00010102554C1041225     LCCFACTURE BUVAL 01603
0530004    00889EUR2 00010102554C1041225     NBESARL LABORATOIRE ROUILLARD
0530004    00889EUR2 00010102554C1041225     REF2F5986DFCD00485ABA2788190AF6A0E0
0530004    00889EUR2 00010102554C1041225     RCNNOTPROVIDED
0430004051600889EUR2 00010102554C1041225  041225FACTURE NOVEMBRE DR BUVAL        00000000 0000000009790}NOTPROVIDED
0530004    00889EUR2 00010102554C1041225     LCCFACTURE NOVEMBRE DR BUVAL
0530004    00889EUR2 00010102554C1041225     NBEOPTIQUE IMPLANT
0530004    00889EUR2 00010102554C1041225     REF6B0EB9AD5677412BB4A8A97AFEAA2004
0530004    00889EUR2 00010102554C1041225     RCNNOTPROVIDED
0430004051600889EUR2 00010102554C1041225  041225FACTURE CRISTAL PRO N 14         00000000 0000000011490}NOTPROVIDED
0530004    00889EUR2 00010102554C1041225     LCCFACTURE CRISTAL PRO N 14
0530004    00889EUR2 00010102554C1041225     NBERAFAEL EDUARDO
0530004    00889EUR2 00010102554C1041225     REFEEAE21A756234677BC85ED6ABE2CEE81
0530004    00889EUR2 00010102554C1041225     RCNNOTPROVIDED
0730004    00889EUR2 00010102554  041225                                                  0000000135314I
0130004    01856EUR2 00010460814  031225CHOUFFEUR ANTONY                                  0000000021793G
0730004    01856EUR2 00010460814  041225                                                  0000000021793G
0130004    00289EUR2 00010040201  031225SARL PROXI SHOP                  COMPTE COURANT   0000001396647C
0430004081300289EUR2 00010040201B1041225  041225PRLV SEPA/EDF                           0 0000000000805OFR47EDF001007
0530004    00289EUR2 00010040201B1041225     NBEEDF
0530004    00289EUR2 00010040201B1041225     IBEFR47EDF001007
0530004    00289EUR2 00010040201B1041225     LCCDEXTREG REF EDF 2733270403 RUM   MA5200759670   2025-12-04
0530004    00289EUR2 00010040201B1041225     RCNZ002733270403 99285 2 FELIX 992
0530004    00289EUR2 00010040201B1041225     RUM  MA5200759670                     RCUR
0730004    00289EUR2 00010040201  041225                                                  0000001395841G
0130004    00733EUR2 00010065500  031225SNC PERE ET FILS                 COMPTE COURANT   0000000024387J
0430004009900733EUR2 0001006550030041225  0412250412 N.39555 DE 95MONTMAGNY      239555   0000000001203I   N.COM.4362029
0530004    00733EUR2 0001006550030041225     LIB0412 N.39555 DE 95MONTMAGNY N.COM.4362029013
0430004009900733EUR2 0001006550030041225  0412250412 N.48435 DE 95MONTMAGNY      248435   0000000006384I   N.COM.4922160
0530004    00733EUR2 0001006550030041225     LIB0412 N.48435 DE 95MONTMAGNY N.COM.4922160013
0730004    00733EUR2 00010065500  041225                                                  0000000016798L
0130004    00585EUR2 00010000630  031225AU COEUR DES BEBES               COMPTE COURANT   0000000066790G
0730004    00585EUR2 00010000630  041225                                                  0000000066790G
0130004    01843EUR2 00010090283  031225SAS CASTAING                     COMPTE COURANT   0000000414426G
0730004    01843EUR2 00010090283  041225                                                  0000000414426G
0130004    01599EUR2 00010055074  031225POLY                             COMPTE COURANT   0000000089361G
0430004056801599EUR2 0001005507418041225  041225ISEA                             0000000  0000000025248{FB2360
0530004    01599EUR2 0001005507418041225     NPYISEA
0530004    01599EUR2 0001005507418041225     LCCPREVENTECH VBT BIOHABITAT
0530004    01599EUR2 0001005507418041225     RCNFB2360                             SUPP
0530004    01599EUR2 0001005507418041225     PDOFR FRANCE
0430004009001599EUR2 0001005507491041225  041225SAISIE ATTRIBUTION-BLOCAGE       00000000 0000000089361P
0730004    01599EUR2 00010055074  041225                                                  0000000025248{
0130004    01412EUR2 00010354371  031225SCI DE SCHOTTERIE                COMPTE COURANT   0000000075663I
0730004    01412EUR2 00010354371  041225                                                  0000000075663I
0130004    02036EUR2 00010243477  031225CM MARECHALERIE                  COMPTE COURANT   0000000100389I
0730004    02036EUR2 00010243477  041225                                                  0000000100389I
0130004    02790EUR2 00010050597  031225SCI CLALEX                                        0000000133308E
0730004    02790EUR2 00010050597  041225                                                  0000000133308E
0130004    00982EUR2 00010028601  031225SARL DERICE                      COMPTE COURANT   0000000126427B
0730004    00982EUR2 00010028601  041225                                                  0000000126427B
0142559RLV 10000EUR2 08011491103  031225PLOMBERIE PLISSON                COMPTE COURANT   0000000060370C80008475
0442559RLV 10000EUR2E0801149110328041225  041225CB APPLE.COM/BILL  FACT 021225   91500070 0000000000069R
0542559    10000EUR2 0801149110328041225     LIBM LEMIALE OCTAVE
0442559RLV 10000EUR2E0801149110330041225  041225CB INPI VADS                     47392051 0000000000118{
0542559    10000EUR2 0801149110330041225     LIBDONT FRAIS DE COMM.    0 00 EUR
0442559RLV 10000EUR2E0801149110330041225  041225CB INPI VADS                     47392051 0000000000558F
0542559    10000EUR2 0801149110330041225     LIBDONT FRAIS DE COMM.    0 00 EUR
0442559RLV 10000EUR2E0801149110330041225  041225CB INPI VADS                     47392051 0000000000013{
0542559    10000EUR2 0801149110330041225     LIBDONT FRAIS DE COMM.    0 00 EUR
0442559RLV 10000EUR2E0801149110305041225  041225VIR SEPA KPMG SA                 32583191 0000000051000{
0542559    10000EUR2 0801149110305041225     LIB/INV/2025 126 12.9.2025
0542559    10000EUR2 0801149110305041225     NPYKPMG SA
0542559    10000EUR2 0801149110305041225     NBECombat avocat
0542559    10000EUR2 0801149110305041225     LCC/INV/2025 126 12.9.2025
0542559    10000EUR2 0801149110305041225     RCN2000005555
0742559RLV 10000EUR2 08011491103  041225                                                  0000000111990{
0142559RLV 10000EUR2 08024599481  031225JOURDIN STEPHANE                                  0000000002225J80008475
0742559RLV 10000EUR2 08024599481  041225                                                  0000000002225J
0118206    00336EUR2 65054347585  031225BOUCHERIE EL MANAR               COMPTE COURANT   0000000500031R  233
0718206    00336EUR2 65054347585  041225        ------------------------------            0000000500031R
0118206    00071EUR2 55230701005  031225SCI CAMPUS                       COMPTE COURANT   0000000010735F  233
0718206    00071EUR2 55230701005  041225        ------------------------------            0000000010735F
0118206    00199EUR2 65092250481  031225SCP MBA                          COMPTE COURANT   0000000957169A  233
0418206005200199EUR2E6509225048111041225  041225CARTE X7899 PAUL TAVERNY00255/   0000000000000000000365N
0418206005200199EUR2E6509225048111041225  051225CARTE X9449 GETYOURGUIDE BERLIN  0000000000000000014700}
0718206    00199EUR2 65092250481  041225                                                  0000000942103F
0118206    00001EUR2 60284220495  031225SCI DC                           COMPTE COURANT   0000000410536H  233
0718206    00001EUR2 60284220495  041225        ------------------------------            0000000410536H
0118206    00336EUR2 65057314469  031225SCI DE L'ATELIER                 COMPTE COURANT   0000000004109D  233
0718206    00336EUR2 65057314469  041225        ------------------------------            0000000004109D
0118206    00022EUR2 65039247084  031225GHTE22600                                         0000000001523K  233
0718206    00022EUR2 65039247084  041225        ------------------------------            0000000001523K
0118206    00336EUR2 65043859212  031225SC AJC CONSEILS                  COMPTE COURANT   0000000044069E  233
0718206    00336EUR2 65043859212  041225        ------------------------------            0000000044069E
0118206    00218EUR2 65020066508  031225SARL MM AMENAGEMENT              COMPTE COURANT   0000000651088D  233
0418206005000218EUR2E65020066508B1041225  041225ORANGE SA-ORANGE                 0000000000000000000089R
0518206    00218EUR2 65020066508B1041225     NBEORANGE SA-ORANGE
0518206    00218EUR2 65020066508B1041225     IBEFR18ZZZ002305                      SEPA
0518206    00218EUR2 65020066508B1041225     NPYCHRISTOPHE BOUTET
0518206    00218EUR2 65020066508B1041225     REF303634127                          161489692985478057130475411950
0518206    00218EUR2 65020066508B1041225     LCCVOTRE ABONNEMENT MOBILE  07XXXXX548 (FACTURE  1304754119)
0518206    00218EUR2 65020066508B1041225     RUMEPCB202509114837376                RCUR
0518206    00218EUR2 65020066508B1041225     CPYFR7618206002186502006805691
0418206000000218EUR2E65020066508C2031225  031225VIR INST DE MME BADIE ISABELLE   0000000100000000010000{
0518206    00218EUR2 65020066508C2031225     NPYMME BADIE ISABELLE
0518206    00218EUR2 65020066508C2031225     NBECA ISOL SANNOIS
0518206    00218EUR2 65020066508C2031225     LCCACOMPTE DEVIS 03495B ALLEE PALISSY - BADIE
0518206    00218EUR2 65020066508C2031225     RCNNOT PROVIDED
0518206    00218EUR2 65020066508C2031225     REF60000000E9DF8B0006000000404D5347   AE2E829D2B6B4437A48DBD849A6F863C
0518206    00218EUR2 65020066508C2031225     CBEFR7618206002186502006805691
0718206    00218EUR2 65020066508  041225                                                  0000000660998E
0111706    00020EUR2 54163961000  031225SCI DC                           COMPTE COURANT   0000000018960B  233
0711706    00020EUR2 54163961000  041225        ------------------------------            0000000018960B
0118206    00336EUR2 65046995544  031225DOCTEUR AUDREY MARQUET           COMPTE COURANT   0000000001349R  233
0718206    00336EUR2 65046995544  041225        ------------------------------            0000000001349R
0118206    00355EUR2 65088123372  031225COMBAT AVOCATS                Compte courant Comb 0000001000743B  233
0418206000400355EUR2E6508812337230041225  041225CARTE 3068315 001 182283 04/12   0000000100000000001800{
0418206005800355EUR2E6508812337262041225  041225CARTE 3068315 001 182283 04/12   0000000100000000000017J
0418206000200355EUR2E6508812337202041225  041225REMISE CHQ 3555992               3555992100000000003750{
0418206000200355EUR2E6508812337202041225  041225REMISE CHQ 3555993               3555993100000000005000{
0418206000200355EUR2E6508812337202041225  041225REMISE CHQ 3555994               3555994100000000005100{
0418206000200355EUR2E6508812337202041225  041225REMISE CHQ 3555995               3555995100000000005100{
0418206000200355EUR2E6508812337202041225  041225REMISE CHQ 3555996               3555996100000000004950{
0718206    00355EUR2 65088123372  041225                                                  0000001026426A
0130056    00911USD2 09110008157  031225PHI & AL                         COMPTE COURANT   0000000136830I
0730056    00911USD2 09110008157  041225                                                  0000000136830I
0130056    00038EUR2 00380063428  031225ELEKTROMENAGER BZH                                0000000342495C
043005600V300038EUR2 0038006342805041225  041225VIREMENT SEPA RECU    YCI5 0174  05017410 0000000048510{
0530056    00038EUR2 0038006342805041225     NPYALLIANZ I A R D ALLIANZ I A R D
0530056    00038EUR2 0038006342805041225     LCCAM-291-TH      C2510083253
0530056    00038EUR2 0038006342805041225     RCNDPF1 251290038114401
043005600VJ00038EUR2 0038006342845041225  041225VIR RECU INTERNAT     YPIT 5728  T 572850 0000000496850{
0530056    00038EUR2 0038006342845041225     LIBB/ODJIBOUTI TELECOM
0530056    00038EUR2 0038006342845041225     LIBO/RVXC7836/DA       MRINDJJD
0530056    00038EUR2 0038006342845041225     LIBEUR49685 00
0530056    00038EUR2 0038006342845041225     LIBEUR49700 00
0530056    00038EUR2 0038006342845041225     LIB/PURP/OTHR///ROC/VXC7836/DA///URI/W
0530056    00038EUR2 0038006342845041225     LIBOCS FN 2025-034 DU 01/01-31/12/2025
0530056    00038EUR2 0038006342845041225     LIBMAINTENANCE AUTHORITY
043005600DU00038EUR2 0038006342862041225  041225COMMISSION VIR RECU   YPIT 5728  T 572851 0000000000170}
043005600VS00038EUR2 0038006342805041225  041225VIREMENT RECU         YPI9 5757  9 575760 0000000270000{
0530056    00038EUR2 0038006342805041225     LIBTFR TELECOM EGYPT FRANCE SAS
0530056    00038EUR2 0038006342805041225     LIB87717BI01F1A
0530056    00038EUR2 0038006342805041225     LIB87717BI01F1A
0530056    00038EUR2 0038006342805041225     LIB/INV/2025-036
0730056    00038EUR2 00380063428  041225                                                  0000001157685C
0114806    00097EUR2 72041518440  031225ETABLISSEMENTS LAMY              COMPTE COURANT   0000001888092I  233
0714806    00097EUR2 72041518440  041225        ------------------------------            0000001888092I
0130004    00883EUR2 00023627755  031225EL MANAR 2                       COMPTE COURANT   0000000018480R
0430004081300883EUR2 00023627755B1041225  041225PRLV SEPA/BNP PARIBAS                   0 0000000000295QFR94NPV001228
0530004    00883EUR2 00023627755B1041225     NBEBNP PARIBAS
0530004    00883EUR2 00023627755B1041225     IBEFR94NPV001228
0530004    00883EUR2 00023627755B1041225     LCCBNP PREVOYANCE
0530004    00883EUR2 00023627755B1041225     RCN2025120100883NPV00028065 002421
0530004    00883EUR2 00023627755B1041225     RUM  NPV3000400883NPV00028065201602050RCUR
0730004    00883EUR2 00023627755  041225                                                  0000000018776P
0130004    00838EUR2 00010052611  031225SOCIETE CIVILE IMMOBILIERE IREM  COMPTE COURANT   0000000109596H
0430004081300838EUR2 00010052611B1041225  041225PRLV SEPA/MACSF-ASSU-                   0 0000000000165MFR10ZZZ611997
0530004    00838EUR2 00010052611B1041225     NBEMACSF-ASSU-
0530004    00838EUR2 00010052611B1041225     IBEFR10ZZZ611997
0530004    00838EUR2 00010052611B1041225     LCCPRELEVEMENT GLOBAL MACSF ASSURANCES
0530004    00838EUR2 00010052611B1041225     RCNMACSF-ASS/2025-12-02R/8302666000000
0530004    00838EUR2 00010052611B1041225     RUM00MACSF-ASSU-0000000000000001335172RCUR
0430004056800838EUR2 0001005261118041225  041225GENERATION                       0000000  0000000000814B166671090
0530004    00838EUR2 0001005261118041225     NPYGENERATION
0530004    00838EUR2 0001005261118041225     LCCTP-20251203-GENERATION-926063231-4013310010-6228
0530004    00838EUR2 0001005261118041225     RCN166671090                          TRAD
0530004    00838EUR2 0001005261118041225     PDOFR FRANCE
0430004081300838EUR2 00010052611B1041225  041225PRLV SEPA/MACSF-PREV-                   0 0000000002439MFR28ZZZ611964
0530004    00838EUR2 00010052611B1041225     NBEMACSF-PREV-
0530004    00838EUR2 00010052611B1041225     IBEFR28ZZZ611964
0530004    00838EUR2 00010052611B1041225     LCCPRELEVEMENT GLOBAL MACSF PREVOYANCE
0530004    00838EUR2 00010052611B1041225     RCNMACSF-PRE/2025-12-03R/6218529000002
0530004    00838EUR2 00010052611B1041225     RUM  MACSF-PREV-0000000000000000243858RCUR
0430004051200838EUR2 0001005261121041225  041225VR.PERMANENT FACTURE 2024120002  00000000 0000000002530} ECHELANCIER
0430004051100838EUR2 0001005261121041225  041225/MOTIF VIREMENT /BEN MME LOPES   00000000 0000000005000}FERREIRA CRISTIN
0530004    00838EUR2 0001005261121041225     LIBA MARI /REFDO /REF
0730004    00838EUR2 00010052611  041225                                                  0000000100276B
0130004    00733EUR2 00010141524  031225IMMO'CONSTAT                     COMPTE COURANT   0000000000588{
0430004081300733EUR2 00010141524B1041225  041225PRLV SEPA/PET HOTELS INNOVATION         0 0000000000179RFR07ZZZ865F08
0530004    00733EUR2 00010141524B1041225     NBEPET HOTELS INNOVATIONS SOLUTIONS
0530004    00733EUR2 00010141524B1041225     IBEFR07ZZZ865F08
0530004    00733EUR2 00010141524B1041225     LCCPHI SOLUTIONS
0530004    00733EUR2 00010141524B1041225     RCNSTR16NATWXTBUZJWA3FSMRAN8JJAWUXTC5
0530004    00733EUR2 00010141524B1041225     RUMF77QCX0TNF7AAFZK                   RCUR
0730004    00733EUR2 00010141524  041225                                                  0000000000408A