0110207    00136EUR2 70210172833  271125ARGIOS                           COMPTE COURANT   0000000000208P
0710207    00136EUR2 70210172833  281125                                                  0000000000208P
0110207    00192EUR2 22212720189  271125SAS C G  AUTOMOBILES             COMPTE COURANT   0000000052781B
0710207    00192EUR2 22212720189  281125                                                  0000000052781B
0110207    00136EUR2 70211370047  271125DOCTEUR ANTOINE HUART            COMPTE COURANT   0000000013169F
0710207    00136EUR2 70211370047  281125                                                  0000000013169F