0110107    00232EUR2 00617082033  281125SCI DU HANGAR                    COMPTE COURANT   0000000003530D
0710107    00232EUR2 00617082033  011225                                                  0000000003530D
0110107    00232EUR2 00617082033  011225SCI DU HANGAR                    COMPTE COURANT   0000000003530D
0710107    00232EUR2 00617082033  021225                                                  0000000003530D
0130003    01686EUR2 00020200932  011225MLE  COSPEREC  AUDREY            MLE  AUDREY COSPE0000000017308B
0430003201001686EUR2 000202009326202122500301125CIONS TENUE DE COMPTE            00000001 0000000000271R
0530003    01686EUR2 0002020093262021225     LIBAU 30/11/25
0530003    01686EUR2 0002020093262021225     LIB-CION MOUVEMENT EUR        0 19
0530003    01686EUR2 0002020093262021225     LIB-FRAIS FIXES    EUR       27 00
0730003    01686EUR2 00020200932  021225                                                  0000000017036C
0130003    04370EUR2 00020005467  011225CM MARECHALERIE                  COMPTE COURANT   0000000003826A
0430003201004370EUR2 000200054676202122500301125CIONS TENUE DE COMPTE            00000001 0000000000170}
0530003    04370EUR2 0002000546762021225     LIBAU 30/11/25
0530003    04370EUR2 0002000546762021225     LIBMIN PERCEPTION
0530003    04370EUR2 0002000546762021225     LIB-CION MOUVEMENT EUR        7 00
0530003    04370EUR2 0002000546762021225     LIB-FRAIS FIXES    EUR       10 00
0430003063004370EUR2 000200054676102122500301125INT DEBITEURS ET CION DECOUVERT  00000001 0000000000083Q
0530003    04370EUR2 0002000546761021225     LIBAU 30/11/25
0530003    04370EUR2 0002000546761021225     LIB-INT DEBITEURS  EUR        5 54
0530003    04370EUR2 0002000546761021225     LIB-CION DECOUVERT EUR        2 84
0530003    04370EUR2 0002000546761021225     LIBTAUX CONVENTIONNEL A LA DATE
0730003    04370EUR2 00020005467  021225                                                  0000000003572C
0130003    01686EUR2 00020208612  011225GROUPE EMON                      COMPTE COURANT   0000000091669H
0730003    01686EUR2 00020208612  021225                                                  0000000091669H
0110107    00228EUR2 00818058996  281125EURL PRARELO                     COMPTE COURANT   0000000326447I
0410107056900228EUR2E0081805899605011225  011225VIREMENT SEPA RECU   569    000  2817938  0000000048249C
0510107    00228EUR2 0081805899605011225     NPYSAS AMORE MIO BRY
0510107    00228EUR2 0081805899605011225     LCCFACTURES LE QUAI
0510107    00228EUR2 0081805899605011225     RCNVIR SEPA 01/12/2025 16 51 56-00001
0510107    00228EUR2 0081805899605011225     LIBBREDFRPPXXX
0410107020700228EUR2E0081805899630011225  011225REMISE CB            207    000  0156371  0000000000100{
0510107    00228EUR2 0081805899630011225     LIBREF. 5801903002
0410107091300228EUR2E0081805899662011225  011225COMMISSION C.B.      913    000  01563710 0000000000000K
0510107    00228EUR2 0081805899662011225     LIBREF. 5801903002
0410107020700228EUR2E0081805899630011225  011225REMISE CB            207    000  0156367  0000000003550{
0510107    00228EUR2 0081805899630011225     LIBREF. 5801904002
0410107091300228EUR2E0081805899662011225  011225COMMISSION C.B.      913    000  01563670 0000000000010O
0510107    00228EUR2 0081805899662011225     LIB(DONT HORS TAXE E.0 88  TVA TAUX 20 00   E.0 18)
0510107    00228EUR2 0081805899662011225     LIBREF. 5801904002
0410107020700228EUR2E0081805899630011225  011225REMISE CB            207    000  0160041  0000000000760{
0510107    00228EUR2 0081805899630011225     LIBREF. 5801904001
0410107091300228EUR2E0081805899662011225  011225COMMISSION C.B.      913    000  01600410 0000000000002L
0510107    00228EUR2 0081805899662011225     LIB(DONT HORS TAXE E.0 19  TVA TAUX 20 00   E.0 04)
0510107    00228EUR2 0081805899662011225     LIBREF. 5801904001
0410107020700228EUR2E0081805899630011225  011225REMISE CB            207    000  0153304  0000000001507E
0510107    00228EUR2 0081805899630011225     LIBREF. 5801903002
0410107091300228EUR2E0081805899662011225  011225COMMISSION C.B.      913    000  01533040 0000000000004M
0510107    00228EUR2 0081805899662011225     LIB(DONT HORS TAXE E.0 37  TVA TAUX 20 00   E.0 07)
0510107    00228EUR2 0081805899662011225     LIBREF. 5801903002
0410107020700228EUR2E0081805899630011225  011225REMISE CB            207    000  0157960  0000000001340{
0510107    00228EUR2 0081805899630011225     LIBREF. 5801904001
0410107091300228EUR2E0081805899662011225  011225COMMISSION C.B.      913    000  01579600 0000000000004O
0510107    00228EUR2 0081805899662011225     LIB(DONT HORS TAXE E.0 38  TVA TAUX 20 00   E.0 08)
0510107    00228EUR2 0081805899662011225     LIBREF. 5801904001
0410107020700228EUR2E0081805899630011225  011225REMISE CB            207    000  0158631  0000000000410{
0510107    00228EUR2 0081805899630011225     LIBREF. 5801904002
0410107091300228EUR2E0081805899662011225  011225COMMISSION C.B.      913    000  01586310 0000000000001K
0510107    00228EUR2 0081805899662011225     LIB(DONT HORS TAXE E.0 10  TVA TAUX 20 00   E.0 02)
0510107    00228EUR2 0081805899662011225     LIBREF. 5801904002
0710107    00228EUR2 00818058996  011225                                                  0000000382341D
0110107    00228EUR2 00818058996  011225EURL PRARELO                     COMPTE COURANT   0000000382341D
0710107    00228EUR2 00818058996  021225                                                  0000000382341D
0116275RLV 40350EUR2 08000214223  011225SARL SMOKEY BANH MI              COMPTE COURANT   0000000012762G        DATALYS
0716275RLV 40350EUR2 08000214223  021225                                                  0000000012762G