0130004    00819EUR2 00010141000  021225MR CARTON MATTHIEU               COMPTE COURANT   0000002189328F
0430004081300819EUR2 00010141000B1031225  031225PRLV SEPA/LES TRANSPORTS DE L Y         0 0000000015353}FR67ZZZ632020
0530004    00819EUR2 00010141000B1031225     NBELES TRANSPORTS DE L YONNE
0530004    00819EUR2 00010141000B1031225     IBEFR67ZZZ632020
0530004    00819EUR2 00010141000B1031225     RCN251202000059
0530004    00819EUR2 00010141000B1031225     RUMCE - SOLTEC                        RCUR
0730004    00819EUR2 00010141000  031225                                                  0000002173975F
0130004    00816EUR2 00010219052  021225DR LAURENCE TRACQ                DOCTEUR LAURENCE 0000000443624{
0730004    00816EUR2 00010219052  031225                                                  0000000443624{
0130004    00967EUR2 00010226493  021225MENILLET COURTAGE                COMPTE COURANT   0000000008430D
0430004008300967EUR2 0001022649328031225  031225DU 021225 STATIOMT08HORO7 PARIS  00000000 0000000000015} CARTE 4974XXXXX
0530004    00967EUR2 0001022649328031225     LIBXXX0806
0430004008300967EUR2 0001022649328031225  031225DU 011225 STATTELPAYBYPHO PARIS  00000000 0000000000017N CARTE 4974XXXXX
0530004    00967EUR2 0001022649328031225     LIBXXX9300
0430004056800967EUR2 0001022649318031225  031225AMERICAN EXPRESS PAYMENTS EUROP  0000000  0000000000075{AMEXSCT745408597
0530004    00967EUR2 0001022649318031225     NPYAMERICAN EXPRESS PAYMENTS EUROPE SL
0530004    00967EUR2 0001022649318031225     LCCAMERICAN EXPRESS/SE7454085978/DT20251128-20251129/TR2/GR7.50/DI0.00
0530004    00967EUR2 0001022649318031225     RCNAMEXSCT74540859780493350171037T39
0530004    00967EUR2 0001022649318031225     PDOFR FRANCE
0430004081300967EUR2 00010226493B1031225  031225PRLV SEPA/LELIEVRE                      0 0000000000912}FR78ZZZ401350
0530004    00967EUR2 00010226493B1031225     NBELELIEVRE
0530004    00967EUR2 00010226493B1031225     IBEFR78ZZZ401350
0530004    00967EUR2 00010226493B1031225     LCCPRELEVEMENT FACTURE 26049659 FACTURE CLIENT 102007 LE PETRIN D AUTEUIL
0530004    00967EUR2 00010226493B1031225     RCNFPRE/251121103040/03122025/16
0530004    00967EUR2 00010226493B1031225     RUM  R954085080-----10200700200488    RCUR
0430004081300967EUR2 00010226493B1031225  031225PRLV SEPA/INFIBAIL                      0 0000000002966LFR43ZZZ232327
0530004    00967EUR2 00010226493B1031225     NBEINFIBAIL
0530004    00967EUR2 00010226493B1031225     IBEFR43ZZZ232327
0530004    00967EUR2 00010226493B1031225     LCCLE PETRIN D AUTEUIL   FR10954085080
0530004    00967EUR2 00010226493B1031225     RCNFV25120674
0530004    00967EUR2 00010226493B1031225     RUMIBFR23494FR43ZZZ2323272394649      RCUR
0730004    00967EUR2 00010226493  031225                                                  0000000004594F
0130003    01312EUR2 00020493128  021225THEMA PLUS SARL               THEMA PLUS SARL     0000000223625H
0430003073001312EUR2 00020493128300312250003122502/12 R11852 CT3732430902        00118520 0000000001095CREMISE CB /
0530003    01312EUR2 0002049312830031225     LIBBT       110 00E COM     0 47E
0430003073001312EUR2 00020493128300312250003122502/12 R11778 CT3732430902        00117780 0000000000697{REMISE CB /
0530003    01312EUR2 0002049312830031225     LIBBT        70 00E COM     0 30E
0430003219001312EUR2 000204931281803122500031225ERF-TRD-04823EDENRED FRANCE      00000000 0000000001193I6480934481S
0530003    01312EUR2 0002049312818031225     NPYEDENRED FRANCE
0530003    01312EUR2 0002049312818031225     LCCERF-TRD-0482378-02122025-1
0530003    01312EUR2 0002049312818031225     RCNVSCT-TX-64970
0430003219001312EUR2 000204931281803122500031225VIR RECU     SWILE               00000000 0000000000702I6389252621S
0530003    01312EUR2 0002049312818031225     NPYSWILE
0530003    01312EUR2 0002049312818031225     RCNSWILE TRANSFER-25072-8048216
0530003    01312EUR2 0002049312818031225     IPYFR67824012173
0430003219001312EUR2 000204931281803122500031225VIR RECU     PLUXEE FRANCE       00000000 0000000000425I6488491560S
0530003    01312EUR2 0002049312818031225     NPYPLUXEE FRANCE
0530003    01312EUR2 0002049312818031225     RCNSOD-TRD-482378-30112025
0730003    01312EUR2 00020493128  031225                                                  0000000227740H
0130003    00885EUR2 00020044765  021225SAS COUTURE IMMO                 COMPTE COURANT   0000000017509M
0730003    00885EUR2 00020044765  031225                                                  0000000017509M
0130002    06938EUR2 0000071E365  021225SARL AGENCE DIAG EXPERT          COMPTE COURANT   0000000209886E
0730002    06938EUR2 0000071E365  031225                                                  0000000209886E
0130004    00804EUR2 00010476479  021225SCI ACDB                         COMPTE COURANT   0000000597955B
0430004000100804EUR2 0001047647901031225  021225CHEQUE N.3515797                 35157970 0000000000180}
0430004000100804EUR2 0001047647901031225  021225CHEQUE N.3515795                 35157950 0000000014204M
0730004    00804EUR2 00010476479  031225                                                  0000000583570H
0130004    01340EUR2 00010096067  021225GV LOGEMENT                      COMPTE COURANT   0000000042050F
0430004009901340EUR2 0001009606730021225  0312250212 N.19967 DE 78AUBERGENVILLE  219967   0000000000237E   N.COM.4988531
0530004    01340EUR2 0001009606730021225     LIB N.COM.4988531016
0430004009901340EUR2 0001009606730021225  0312250212 N.00629 DE 78AUBERGENVILLE  100629   0000000007225H   N.COM.4988532
0530004    01340EUR2 0001009606730021225     LIB N.COM.4988532013
0430004056801340EUR2 0001009606718031225  031225REGLEMENT AFFILIES BIMPLI TR     0000000  0000000000035A01/12/2025 NIT R
0530004    01340EUR2 0001009606718031225     NPYREGLEMENT AFFILIES BIMPLI TR
0530004    01340EUR2 0001009606718031225     LCCNIT-TRD-2093591-01122025-01
0530004    01340EUR2 0001009606718031225     RCN01/12/2025 NIT RBTMONETIQUE - 23586SUPP
0530004    01340EUR2 0001009606718031225     PDOFR FRANCE
0430004009001340EUR2 0001009606791031225  031225REGULARISATION SUR COMPTE IMPAY  00000001 0000000005000}ES
0430004009001340EUR2 0001009606791031225  031225REGULARISATION SUR COMPTE IMPAY  00000001 0000000005000}ES
0730004    01340EUR2 00010096067  031225                                                  0000000039549{
0130004    01401EUR2 00010052800  021225GEOBATI                          COMPTE COURANT   0000000694357{
0730004    01401EUR2 00010052800  031225                                                  0000000694357{
0130003    01312EUR2 00020562732  021225BCP SARL                                          0000000130327D
0730003    01312EUR2 00020562732  031225                                                  0000000130327D
0130004    00809EUR2 00010212377  021225SC CAE                           COMPTE COURANT   0000000033047G
0730004    00809EUR2 00010212377  031225                                                  0000000033047G
0130002    06953EUR2 0000071G130  021225TECHNIQUES ET NORMES DE COUVERT  COMPTE COURANT   0000000356751{
0430002907506953EUR2E0000071G1309103122500031225PRET 19932934                    0000000100000000006405K0000000000000000
0530002    06953EUR2 0000071G13091031225     LIBECHEANCE 03/12/2025            99
0530002    06953EUR2 0000071G13091031225     LIBPM219932934        01031225    99
0430002111606953EUR2E0000071G1302803122500031225 CB12APPLE.COM/BI     01/12/25   0186512000000000000009R3641655000104186
0530002    06953EUR2 0000071G13028031225     LIB0805540003     EUR         0 9999
0530002    06953EUR2 0000071G13028031225     LIBCBLM ANTHONY PILLOT            99
0730002    06953EUR2 0000071G130  031225                                                  0000000350335I