0130004    00819EUR2 00010141000  011225MR CARTON MATTHIEU               COMPTE COURANT   0000002000655H
0430004056800819EUR2 0001014100018021225  021225SOLTEC SF LIMITED                0000000  0000000188912H08541074
0530004    00819EUR2 0001014100018021225     NPYSOLTEC SF LIMITED
0530004    00819EUR2 0001014100018021225     LCCINVOICE F 20251104
0530004    00819EUR2 0001014100018021225     RCN08541074                           OTHR
0530004    00819EUR2 0001014100018021225     PDOCY CHYPRE
0430004620100819EUR2 0001014100064021225  101225FACTURE NUMERO 2025120113160150  00000001 0000000000240}8
0730004    00819EUR2 00010141000  021225                                                  0000002189328F
0130004    00816EUR2 00010219052  011225DR LAURENCE TRACQ                DOCTEUR LAURENCE 0000000448892{
0430004008500816EUR2 0001021905207021225  301125REG 0112 RELEVE 18057869         00000000 0000000004954Q
0430004620100816EUR2 0001021905264021225  101225FACTURE NUMERO 2025120113159913  00000001 0000000000313K7
0730004    00816EUR2 00010219052  021225                                                  0000000443624{
0130004    00967EUR2 00010226493  011225MENILLET COURTAGE                COMPTE COURANT   0000000013415Q
0430004009900967EUR2 0001022649330011225  0212250112 N.26024 DE 75PARIS 16       126024   0000000004513H   N.COM.4147759
0530004    00967EUR2 0001022649330011225     LIB0112 N.26024 DE 75PARIS 16 N.COM.4147759016
0430004008300967EUR2 0001022649328021225  021225DU 011225 STAT ISSY PBP GPSO CA  00000000 0000000000014}RTE 4974XXXXXXXX
0530004    00967EUR2 0001022649328021225     LIB9300
0430004081300967EUR2 00010226493B1021225  021225PRLV SEPA/SWILE                         0 0000000000161}FR74ZZZ838795
0530004    00967EUR2 00010226493B1021225     NBESWILE
0530004    00967EUR2 00010226493B1021225     IBEFR74ZZZ838795
0530004    00967EUR2 00010226493B1021225     LCCSWILE TRANSFER-147200-8097433
0530004    00967EUR2 00010226493B1021225     RCN073E398C2F0D45F8BA7C459C0C1E7A6F
0530004    00967EUR2 00010226493B1021225     RUMSWILE-95408508000016-031023        RCUR
0430004008300967EUR2 0001022649328021225  021225DU 011225 IRIS BOULOGNE-BILL CA  00000000 0000000000305}RTE 4974XXXXXXXX
0530004    00967EUR2 0001022649328021225     LIB9300
0430004081300967EUR2 00010226493B1021225  021225PRLV SEPA/SAS DAUMESNIL PRIMEUR         0 0000000001424MFR22ZZZ482771
0530004    00967EUR2 00010226493B1021225     NBESAS DAUMESNIL PRIMEURS-DAUMESNIL PRIMEURS
0530004    00967EUR2 00010226493B1021225     IBEFR22ZZZ482771
0530004    00967EUR2 00010226493B1021225     LCCREF. PRELEVEMENT 2025-12-01-11-36-2/80
0530004    00967EUR2 00010226493B1021225     RCNDP/55/2025-12-01/11 36 41
0530004    00967EUR2 00010226493B1021225     RUM0009104                            RCUR
0430004056300967EUR2 00010226493C2021225  021225S.A.S. LE PETRIN D AUTEUIL       0000000  0000000020000{GESTION
0530004    00967EUR2 00010226493C2021225     NPYS.A.S. LE PETRIN D AUTEUIL
0530004    00967EUR2 00010226493C2021225     RCNGESTION
0530004    00967EUR2 00010226493C2021225     PDOFR FRANCE
0430004620100967EUR2 0001022649364021225  101225FACTURE NUMERO 2025120113167804  00000001 0000000000763K1
0730004    00967EUR2 00010226493  021225                                                  0000000008430D
0130003    01312EUR2 00020493128  011225THEMA PLUS SARL               THEMA PLUS SARL     0000000231513E
0430003188001312EUR2 000204931286202122500011225ABONNEMENT MATERIEL              00000001 0000000000279}
0530003    01312EUR2 0002049312862021225     LIBLOYER TPE MONETIA N O IP
0530003    01312EUR2 0002049312862021225     LIBMONETIA
0530003    01312EUR2 0002049312862021225     LIBTVA A 20 00   4 65 EUR
0530003    01312EUR2 0002049312862021225     LIBMONTANT HT   23 25 EUR
0430003188001312EUR2 000204931286202122500011225ABONNEMENT MATERIEL              00000001 0000000000405}
0530003    01312EUR2 0002049312862021225     LIBLOYER TPE MONETIA N O GPRS
0530003    01312EUR2 0002049312862021225     LIBR SEAU MOBILE MONETIA
0530003    01312EUR2 0002049312862021225     LIBTVA A 20 00   6 75 EUR
0530003    01312EUR2 0002049312862021225     LIBMONTANT HT   33 75 EUR
0430003188001312EUR2 000204931286202122500011225ABONNEMENT MATERIEL              00000001 0000000000405}
0530003    01312EUR2 0002049312862021225     LIBLOYER TPE MONETIA N O GPRS
0530003    01312EUR2 0002049312862021225     LIBR SEAU MOBILE MONETIA
0530003    01312EUR2 0002049312862021225     LIBTVA A 20 00   6 75 EUR
0530003    01312EUR2 0002049312862021225     LIBMONTANT HT   33 75 EUR
0430003432001312EUR2 00020493128B102122500021225300002157985-ENGIE               55468560 0000000006798P5915546856
0530003    01312EUR2 00020493128B1021225     NBEENGIE
0530003    01312EUR2 00020493128B1021225     IBEFR03RAP002381
0530003    01312EUR2 00020493128B1021225     LCC300002157985-420007237872
0530003    01312EUR2 00020493128B1021225     RCN780005421246
0530003    01312EUR2 00020493128B1021225     RUM00GAM0671911
0730003    01312EUR2 00020493128  021225                                                  0000000223625H
0130003    00885EUR2 00020044765  011225SAS COUTURE IMMO                 COMPTE COURANT   0000000017388L
0430003063000885EUR2 000200447656102122500301125INT DEBITEURS ET CION DECOUVERT  00000001 0000000000121J
0530003    00885EUR2 0002004476561021225     LIBAU 30/11/25
0530003    00885EUR2 0002004476561021225     LIB-INT DEBITEURS  EUR       10 22
0530003    00885EUR2 0002004476561021225     LIB-CION DECOUVERT EUR        1 89
0530003    00885EUR2 0002004476561021225     LIBTAUX CONVENTIONNEL A LA DATE
0730003    00885EUR2 00020044765  021225                                                  0000000017509M
0130002    06938EUR2 0000071E365  011225SARL AGENCE DIAG EXPERT          COMPTE COURANT   0000000209886E
0730002    06938EUR2 0000071E365  021225                                                  0000000209886E
0130004    00804EUR2 00010476479  011225SCI ACDB                         COMPTE COURANT   0000000597991B
0430004620100804EUR2 0001047647964021225  101225FACTURE NUMERO 2025120113158793  00000001 0000000000036}6
0730004    00804EUR2 00010476479  021225                                                  0000000597955B
0130004    01340EUR2 00010096067  011225GV LOGEMENT                      COMPTE COURANT   0000000050153A
0430004009901340EUR2 0001009606730011225  0212250112 N.14292 DE 78AUBERGENVILLE  214292   0000000000457C   N.COM.4988531
0530004    01340EUR2 0001009606730011225     LIB N.COM.4988531016
0430004009901340EUR2 0001009606730011225  0212250112 N.40490 DE 78AUBERGENVILLE  340490   0000000006576C   N.COM.4988532
0530004    01340EUR2 0001009606730011225     LIB N.COM.4988532013
0430004081301340EUR2 00010096067B1021225  021225PRLV SEPA/SWILE                         0 0000000000134OFR74ZZZ838795
0530004    01340EUR2 00010096067B1021225     NBESWILE
0530004    01340EUR2 00010096067B1021225     IBEFR74ZZZ838795
0530004    01340EUR2 00010096067B1021225     LCCSWILE TRANSFER-28073-8049440
0530004    01340EUR2 00010096067B1021225     RCNB879F493F0F143589D0E3AA6B0B64391
0530004    01340EUR2 00010096067B1021225     RUMSWILE-88162659200011-181220        RCUR
0430004052901340EUR2 0001009606721021225  021225/MOTIF ACOMPTE ANISSA /BEN BEN          0 0000000003000}
0530004    01340EUR2 0001009606721021225     NBEBEN FGUIRA IMED
0530004    01340EUR2 0001009606721021225     LCCACOMPTE ANISSA
0430004009001340EUR2 0001009606791021225  021225REGULARISATION SUR COMPTE IMPAY  00000001 0000000005000}ES
0430004009001340EUR2 0001009606791021225  021225REGULARISATION SUR COMPTE IMPAY  00000001 0000000005000}ES
0430004620101340EUR2 0001009606764021225  101225FACTURE NUMERO 2025120113174005  00000001 0000000002001N9
0730004    01340EUR2 00010096067  021225                                                  0000000042050F
0130004    01401EUR2 00010052800  011225GEOBATI                          COMPTE COURANT   0000000695145{
0430004620101401EUR2 0001005280064021225  101225FACTURE NUMERO 2025120113174820  00000001 0000000000788}2
0730004    01401EUR2 00010052800  021225                                                  0000000694357{
0130003    01312EUR2 00020562732  011225BCP SARL                                          0000000131180E
0430003661001312EUR2 000205627322802122500021225CARTE X9416 01/12 PETRO EST      00010000 0000000000853J
0730003    01312EUR2 00020562732  021225                                                  0000000130327D
0130004    00809EUR2 00010212377  011225SC CAE                           COMPTE COURANT   0000000033485G
0430004620100809EUR2 0001021237764021225  101225FACTURE NUMERO 2025120113159292  00000001 0000000000438}6
0730004    00809EUR2 00010212377  021225                                                  0000000033047G
0130002    06953EUR2 0000071G130  011225TECHNIQUES ET NORMES DE COUVERT  COMPTE COURANT   0000000321303E
0430002606606953EUR2E0000071G1306201122500011225 ABON LCL ACCESS 005 25EUR       0000000000000000000052N3990695306013462
0430002111106953EUR2E0000071G1301802122500021225VIREMENT LE MOULIN DE LAUNOY     0000000000000000060000{1333617800000000
0530002    06953EUR2 0000071G13018021225     NPYLE MOULIN DE LAUNOY
0530002    06953EUR2 0000071G13018021225     RCNNOTPROVIDED
0430002130106953EUR2E0000071G130C102122500021225MENAGE NOVEMBRE PARTIE 2         0000000000000000024500}2512022025120211
0530002    06953EUR2 0000071G130C1021225     NPYLE MOULIN DE LAUNOY
0530002    06953EUR2 0000071G130C1021225     LCCMENAGE NOVEMBRE PARTIE 2
0530002    06953EUR2 0000071G130C1021225     RCNNOTPROVIDED
0730002    06953EUR2 0000071G130  021225                                                  0000000356751{