0130004    00171EUR2 00010094005  031225LA PAUSE S'IMPOSE                COMPTE COURANT   0000000091579E
0430004009900171EUR2 0001009400530041225  0412250412 N.33461 DE 92ASNIERES SUR   233461   0000000003469A   N.COM.4709571
0530004    00171EUR2 0001009400530041225     LIBN.COM.4709571015
0430004009900171EUR2 0001009400530041225  0412250412 N.71164 DE 92ASNIERES-SUR-  371164   0000000008853E   N.COM.4709572
0530004    00171EUR2 0001009400530041225     LIB N.COM.4709572012
0430004056800171EUR2 0001009400518041225  041225CPF                              0000000  0000000010418E11974242
0530004    00171EUR2 0001009400518041225     NPYCPF
0530004    00171EUR2 0001009400518041225     LCCCPF 391354239616 01-361
0530004    00171EUR2 0001009400518041225     RCN11974242
0530004    00171EUR2 0001009400518041225     PDOFR FRANCE
0430004056800171EUR2 0001009400518041225  041225CPF                              0000000  0000000015337E11974241
0530004    00171EUR2 0001009400518041225     NPYCPF
0530004    00171EUR2 0001009400518041225     LCCCPF 38600479455 01-360
0530004    00171EUR2 0001009400518041225     RCN11974241
0530004    00171EUR2 0001009400518041225     PDOFR FRANCE
0730004    00171EUR2 00010094005  041225                                                  0000000129658A
0118206    00355EUR2 58517721003  031225THEMA PLUS SARL               THEMA PLUS SARL     0000000395904F  233
0718206    00355EUR2 58517721003  041225        ------------------------------            0000000395904F
0130004    02036EUR2 00010181320  031225SCI MID PASSEL                   COMPTE COURANT   0000000347287}
0430004056802036EUR2 0001018132018041225  041225ASP AGENCE COMPTABLE             0000000  0000000012499H1D07500001558004
0530004    02036EUR2 0001018132018041225     NPYASP AGENCE COMPTABLE
0530004    02036EUR2 0001018132018041225     NBUASS GESTION CTTRE FORMA APPRENTIS ST JEAN
0530004    02036EUR2 0001018132018041225     LCC155800410 AUEA AUEA04009517090 MINISTERE DU TRAVAIL AIDE UNIQUE APPREN
0530004    02036EUR2 0001018132018041225     LC2TI ASS GESTION CTTRE FORMA APPRENTIS ST JEAN
0530004    02036EUR2 0001018132018041225     RCN1D0750000155800410-TEL---0442525432
0530004    02036EUR2 0001018132018041225     PDOFR FRANCE
0430004052902036EUR2 0001018132021041225  041225REMISE 0000012VIRTS REF -        -      0 0000000234999NREGLT 05122025
0530004    02036EUR2 0001018132021041225     REF-
0730004    02036EUR2 00010181320  041225                                                  0000000569786P
0118206    00377EUR2 65086158880  031225RENAUD MARYVONNE                                  0000000027320F  233
0418206005000377EUR2E65086158880B1041225  041225MACSF-PREV-                      0000000000000000002226N
0518206    00377EUR2 65086158880B1041225     NBEMACSF-PREV-
0518206    00377EUR2 65086158880B1041225     IBEFR28ZZZ611964                      SEPA
0518206    00377EUR2 65086158880B1041225     NPYMME JULIARD KAREN
0518206    00377EUR2 65086158880B1041225     REF303710193                          2025-12-03-09.41.40.616480Z
0518206    00377EUR2 65086158880B1041225     LCCPRELEVEMENT GLOBAL MACSF PREVOYANCE
0518206    00377EUR2 65086158880B1041225     RUM00MACSF-PREV-0000000000000000662122RCUR
0518206    00377EUR2 65086158880B1041225     CPYFR7618206003776508615088841
0718206    00377EUR2 65086158880  041225                                                  0000000025094A
0130004    00171EUR2 00010042687  031225CLUB SMOKI                       COMPTE COURANT   0000000397013B
0430004009900171EUR2 0001004268730041225  0412250412 N.69758 DE 95ANDILLY        369758   0000000001800{   N.COM.4712781
0530004    00171EUR2 0001004268730041225     LIB0412 N.69758 DE 95ANDILLY N.COM.4712781013
0430004056800171EUR2 0001004268718041225  041225CPAM DU VAL D OISE               0000000  0000000001800{0000009510016503
0530004    00171EUR2 0001004268718041225     NPYCPAM DU VAL D OISE
0530004    00171EUR2 0001004268718041225     IPY0                                  BICORBEI
0530004    00171EUR2 0001004268718041225     LCC0000009510016503368500251203
0530004    00171EUR2 0001004268718041225     RCN0000009510016503368500251203       PENS
0530004    00171EUR2 0001004268718041225     PDOFR FRANCE
0430004081300171EUR2 00010042687B1041225  041225PRLV SEPA/MACSF-PREV-                   0 0000000002305PFR28ZZZ611964
0530004    00171EUR2 00010042687B1041225     NBEMACSF-PREV-
0530004    00171EUR2 00010042687B1041225     IBEFR28ZZZ611964
0530004    00171EUR2 00010042687B1041225     LCCPRELEVEMENT GLOBAL MACSF PREVOYANCE
0530004    00171EUR2 00010042687B1041225     RCNMACSF-PRE/2025-12-03R/5546913000001
0530004    00171EUR2 00010042687B1041225     RUM  MACSF-PREV-0000000000000000168263RCUR
0430004009900171EUR2 0001004268730041225  0412250412 N.43856 DE 95ANDILLY        143856   0000000004695{   N.COM.4712782
0530004    00171EUR2 0001004268730041225     LIB0412 N.43856 DE 95ANDILLY N.COM.4712782010
0730004    00171EUR2 00010042687  041225                                                  0000000403002E
0130004    00890EUR2 00010023753  031225MAITRE FRENKIAN VIRGINIE         COMPTE COURANT   0000000390565H
0730004    00890EUR2 00010023753  041225                                                  0000000390565H
0130004    00170EUR2 00010025126  031225SCI EMPREINTES                   COMPTE COURANT   0000000779044{
0730004    00170EUR2 00010025126  041225                                                  0000000779044{
0118206    00105EUR2 65005236294  031225MADIO                                             0000000014040H  233
0718206    00105EUR2 65005236294  041225        ------------------------------            0000000014040H
0130004    00171EUR2 00010085656  031225** PAS DE MOUVEMENT CE JOUR **                    0000000506015B
0430004081300171EUR2 00010085656B1041225  041225PRLV SEPA/MACSF-PREV-                   0 0000000002039}FR28ZZZ611964
0530004    00171EUR2 00010085656B1041225     NBEMACSF-PREV-
0530004    00171EUR2 00010085656B1041225     IBEFR28ZZZ611964
0530004    00171EUR2 00010085656B1041225     LCCPRELEVEMENT GLOBAL MACSF PREVOYANCE
0530004    00171EUR2 00010085656B1041225     RCNMACSF-PRE/2025-12-03R/6084973000004
0530004    00171EUR2 00010085656B1041225     RUM00MACSF-PREV-0000000000000000425163RCUR
0430004009900171EUR2 0001008565630041225  0412250412 N.17399 DE 95SOISY SOUS MO  217399   0000000002100{   N.COM.4409154
0530004    00171EUR2 0001008565630041225     LIB N.COM.4409154012
0430004056800171EUR2 0001008565618041225  041225CPAM DU VAL D OISE               0000000  0000000007510{0000009510040013
0530004    00171EUR2 0001008565618041225     NPYCPAM DU VAL D OISE
0530004    00171EUR2 0001008565618041225     IPY0                                  BICORBEI
0530004    00171EUR2 0001008565618041225     LCC0000009510040013368500251203
0530004    00171EUR2 0001008565618041225     RCN0000009510040013368500251203       PENS
0530004    00171EUR2 0001008565618041225     PDOFR FRANCE
0430004052900171EUR2 0001008565621041225  041225/MOTIF CHARGES SCM /BEN SCM GPE         0 0000000016000}
0530004    00171EUR2 0001008565621041225     NBESCM GPE MEDIC PA
0530004    00171EUR2 0001008565621041225     LCCCHARGES SCM
0430004052900171EUR2 0001008565621041225  041225/MOTIF COMPTE PERSO /BEN DEBEL          0 0000000032000}
0530004    00171EUR2 0001008565621041225     NBEDEBEL FREDERIC
0530004    00171EUR2 0001008565621041225     LCCCOMPTE PERSO
0730004    00171EUR2 00010085656  041225                                                  0000000465586B
0130004    00139EUR2 00006258305  031225SC CAE                           COMPTE COURANT   0000000168947A
0730004    00139EUR2 00006258305  041225                                                  0000000168947A
0130004    00171EUR2 00010035422  031225SCI FABRICE                      COMPTE COURANT   0000000137645C
0430004009900171EUR2 0001003542230031225  0412250312 N.68454 DE 95SOISY SOUS MO  268454   0000000000900{   N.COM.4837818
0530004    00171EUR2 0001003542230031225     LIB N.COM.4837818010
0430004056800171EUR2 0001003542218041225  041225CPAM DU VAL D OISE               0000000  0000000002040{0000009511158643
0530004    00171EUR2 0001003542218041225     NPYCPAM DU VAL D OISE
0530004    00171EUR2 0001003542218041225     IPY0                                  BICORBEI
0530004    00171EUR2 0001003542218041225     LCC0000009511158643368500251203
0530004    00171EUR2 0001003542218041225     RCN0000009511158643368500251203       PENS
0530004    00171EUR2 0001003542218041225     PDOFR FRANCE
0430004081300171EUR2 00010035422B1041225  041225PRLV SEPA/MACSF-PREV-                   0 0000000003690JFR28ZZZ611964
0530004    00171EUR2 00010035422B1041225     NBEMACSF-PREV-
0530004    00171EUR2 00010035422B1041225     IBEFR28ZZZ611964
0530004    00171EUR2 00010035422B1041225     LCCPRELEVEMENT GLOBAL MACSF PREVOYANCE
0530004    00171EUR2 00010035422B1041225     RCNMACSF-PRE/2025-12-03R/5146722000002
0530004    00171EUR2 00010035422B1041225     RUM  MACSF-PREV-0000000000000000158594RCUR
0730004    00171EUR2 00010035422  041225                                                  0000000136895B
0130004    00921EUR2 00023069680  031225L'EPICURIEN                      COMPTE COURANT   0000000136957B
0730004    00921EUR2 00023069680  041225                                                  0000000136957B
0130004    02036EUR2 00010184310  031225SCI DU HANGAR                    COMPTE COURANT   0000000847927Q
0430004052902036EUR2 0001018431021041225  041225IK 11 2025                       -      0 0000000003122NIK 11 2025
0530004    02036EUR2 0001018431021041225     NPYFRATERNITE ST JEAN JEUNES
0530004    02036EUR2 0001018431021041225     NBEANTON FREDERIC
0530004    02036EUR2 0001018431021041225     RCNIK 11 2025
0530004    02036EUR2 0001018431021041225     REF-                                  -
0530004    02036EUR2 0001018431021041225     CBEFR7617515000920407366161192
0430004056802036EUR2 0001018431018041225  041225ASP AGENCE COMPTABLE             0000000  0000000024999F1D07500001557984
0530004    02036EUR2 0001018431018041225     NPYASP AGENCE COMPTABLE
0530004    02036EUR2 0001018431018041225     NBUFRATERNITE ST JEAN JEUNES
0530004    02036EUR2 0001018431018041225     LCC155798454 AUEA AUEA04002401980 MINISTERE DU TRAVAIL AIDE UNIQUE APPREN
0530004    02036EUR2 0001018431018041225     LC2TI FRATERNITE ST JEAN JEUNES
0530004    02036EUR2 0001018431018041225     RCN1D0750000155798454-TEL---0442525432
0530004    02036EUR2 0001018431018041225     PDOFR FRANCE
0430004052902036EUR2 0001018431021041225  041225REMISE 0000048VIRTS REF -        -      0 0000000808670OREGLT 05122025
0530004    02036EUR2 0001018431021041225     REF-
0730004    02036EUR2 00010184310  041225                                                  0000001634721L
0130004    00292EUR2 00010101994  031225SCI DU HANGAR                    COMPTE COURANT   0000002622306D
0430004056800292EUR2 0001010199418041225  041225CLUB MED SAS                     0000000  0000000060000{9432
0530004    00292EUR2 0001010199418041225     NPYCLUB MED SAS
0530004    00292EUR2 0001010199418041225     LCCFA-25-386
0530004    00292EUR2 0001010199418041225     RCN9432
0530004    00292EUR2 0001010199418041225     PDOFR FRANCE
0730004    00292EUR2 00010101994  041225                                                  0000002682306D
0130004    00993EUR2 00001438802  031225TREXSO                           COMPTE COURANT   0000000009726B
0730004    00993EUR2 00001438802  041225                                                  0000000009726B
0130004    00297EUR2 00010004213  031225EI SALON INES D                  COMPTE COURANT   0000000337100C
0730004    00297EUR2 00010004213  041225                                                  0000000337100C
0130004    02036EUR2 00010185240  031225PHARMACIE DE L ALISIER           COMPTE COURANT   0000000027984A
0730004    02036EUR2 00010185240  041225                                                  0000000027984A
0130004    01528EUR2 00010074636  031225SARL PROXI SHOP                  COMPTE COURANT   0000000515079C
0430004008301528EUR2 0001007463628041225  041225DU 031225 ROUSSEAU ENGHIE MONTM  00000000 0000000004340}ORENCY CARTE 497
0530004    01528EUR2 0001007463628041225     LIB4XXXXXXXX5848
0730004    01528EUR2 00010074636  041225                                                  0000000510739C
0130004    02036EUR2 00010056855  031225ATELIER 467                      COMPTE COURANT   0000000000000{
0730004    02036EUR2 00010056855  041225                                                  0000000000000{
0130004    00993EUR2 00001435812  031225SC DIOT INVEST                   COMPTE COURANT   0000000042340D
0730004    00993EUR2 00001435812  041225                                                  0000000042340D
0118106    00011EUR2 96754418284  031225CAPCARRERE                       COMPTE COURANT   0000000017085H  233
0418106005200011EUR2E9675441828411041225  041225X9315 MP*CARREFOUR DAC VL  03/1  0000000000000000000429L
0418106003800011EUR2E9675441828429041225  041225THONES  140336                   0000000000000000011000}
0718106    00011EUR2 96754418284  041225                                                  0000000005656E
0118206    00105EUR2 65011268015  031225EURL PRARELO                     COMPTE COURANT   0000000377401D  233
0718206    00105EUR2 65011268015  041225        ------------------------------            0000000377401D
0130056    00811EUR2 08110094606  031225LA PAUSE S'IMPOSE                COMPTE COURANT   0000003486191C
043005600W300811EUR2 0811009460606041225  041225VIRT SEPA INST EMIS   YCO3 0128  03012850 0000000000780}
0530056    00811EUR2 0811009460606041225     NPYTHALMA TECHNOLOGY THALMA TECHNOLOGY
0530056    00811EUR2 0811009460606041225     IPYNDF FLORENT*OP*NS
0530056    00811EUR2 0811009460606041225     NBEM ET MME PELTOT
0530056    00811EUR2 0811009460606041225     IBE                                   SEPA
0530056    00811EUR2 0811009460606041225     RCNNDF FLORENT CLEFS
0530056    00811EUR2 0811009460606041225     REF15917BK024MH0001
0530056    00811EUR2 0811009460606041225     CBEFR7610207001312219177364477
043005600W300811EUR2 0811009460606041225  041225VIRT SEPA INST EMIS   YCO5 0128  05012850 0000000001274}
0530056    00811EUR2 0811009460606041225     NPYTHALMA TECHNOLOGY THALMA TECHNOLOGY
0530056    00811EUR2 0811009460606041225     IPYMCPRO FA30952*OP*NS
0530056    00811EUR2 0811009460606041225     NBEMC PRO
0530056    00811EUR2 0811009460606041225     IBE                                   SEPA
0530056    00811EUR2 0811009460606041225     RCNMCPRO FA30952
0530056    00811EUR2 0811009460606041225     REF48277BK01JS40001
0530056    00811EUR2 0811009460606041225     CBEFR7618206002736020177283525
043005600HY00811EUR2 08110094606B1041225  041225PRLV SEPA RECU RCUR   YDI5 0069  05006990 0000000006862O
0530056    00811EUR2 08110094606B1041225     NPYTHALMA TECHNOLOGY THALMA TECHNOLOGY
0530056    00811EUR2 08110094606B1041225     NBEOVH SAS
0530056    00811EUR2 08110094606B1041225     IBEFR90ZZZ460983                      SEPA
0530056    00811EUR2 08110094606B1041225     RUMCC153607-OVH-FR-1                  RCUR
0530056    00811EUR2 08110094606B1041225     CPYFR7630056008110811009606411
0530056    00811EUR2 08110094606B1041225     LCCPAYMENT FOR ORDER 239708805
0530056    00811EUR2 08110094606B1041225     RCNTWLN38042417F
043005600HY00811EUR2 08110094606B1041225  041225PRLV SEPA RECU RCUR   YDI0 0076  00007600 0000000000994M
0530056    00811EUR2 08110094606B1041225     NPYTHALMA TECHNOLOGY THALMA TECHNOLOGY
0530056    00811EUR2 08110094606B1041225     NBEOVH SAS
0530056    00811EUR2 08110094606B1041225     IBEFR90ZZZ460983                      SEPA
0530056    00811EUR2 08110094606B1041225     RUMCC153607-OVH-FR-1                  RCUR
0530056    00811EUR2 08110094606B1041225     CPYFR7630056008110811009606411
0530056    00811EUR2 08110094606B1041225     LCCPAYMENT FOR ORDER 239985252
0530056    00811EUR2 08110094606B1041225     RCNTWLN38087681F
0730056    00811EUR2 08110094606  041225                                                  0000003476280C
0130004    00290EUR2 00010098096  031225CR OPTIQUE                       COMPTE MUTUELLE  0000000987951D
0730004    00290EUR2 00010098096  041225                                                  0000000987951D
0130004    00954EUR2 00010213945  031225SARL SMOKEY BANH MI              COMPTE COURANT   0000000065003D
0430004009900954EUR2 0001021394530031225  0412250312 N.16396 DE 93MONTREUIL      216396   0000000000029E   N.COM.4159273
0530004    00954EUR2 0001021394530031225     LIB0312 N.16396 DE 93MONTREUIL N.COM.4159273011
0430004009900954EUR2 0001021394530031225  0412250312 N.77186 DE 93MONTREUIL      277186   0000000001290F   N.COM.4159273
0530004    00954EUR2 0001021394530031225     LIB0312 N.77186 DE 93MONTREUIL N.COM.4159273011
0430004009900954EUR2 0001021394530031225  0412250312 N.77207 DE 93MONTREUIL      277207   0000000003318H   N.COM.4159274
0530004    00954EUR2 0001021394530031225     LIB0312 N.77207 DE 93MONTREUIL N.COM.4159274015
0430004000100954EUR2 0001021394501041225  031225CHEQUE N.5648240                 56482400 0000000015930}
0430004008300954EUR2 0001021394528041225  041225DU 031225 SITI CASH ECGF GONESS  00000000 0000000000160JE CARTE 4974XXXX
0530004    00954EUR2 0001021394528041225     LIBXXXX7953
0430004008300954EUR2 0001021394528041225  041225DU 031225 SOCIETE NOUVELL ROSNY  00000000 0000000000995Q SOUS BO CARTE 4
0530004    00954EUR2 0001021394528041225     LIB974XXXXXXXX6906
0430004009900954EUR2 0001021394530041225  0412250412 N.10258 DE 93MONTREUIL      110258   0000000001336E   N.COM.4159274
0530004    00954EUR2 0001021394530041225     LIB0412 N.10258 DE 93MONTREUIL N.COM.4159274015
0430004081300954EUR2 00010213945B1041225  041225PRLV SEPA/ENOVOS LUXEMBOURG (EN         0 0000000013675KLU82ZZZ000000000
0530004    00954EUR2 00010213945B1041225     NBEENOVOS LUXEMBOURG (ENOF)
0530004    00954EUR2 00010213945B1041225     IBELU82ZZZ0000000008999001001
0530004    00954EUR2 00010213945B1041225     LCCF25034660
0530004    00954EUR2 00010213945B1041225     RCNBNK1/2025/34148
0530004    00954EUR2 00010213945B1041225     RUMACC-010132802                      RCUR
0730004    00954EUR2 00010213945  041225                                                  0000000040217G
0130004    00171EUR2 00021524752  031225SARL MM AMENAGEMENT              COMPTE COURANT   0000000212483D
0430004081300171EUR2 00021524752B1041225  041225PRLV SEPA/LEASECOM                      0 0000000008235}FR47ZZZ536544
0530004    00171EUR2 00021524752B1041225     NBELEASECOM
0530004    00171EUR2 00021524752B1041225     IBEFR47ZZZ536544
0530004    00171EUR2 00021524752B1041225     LCC10832437
0530004    00171EUR2 00021524752B1041225     RCN10832437                           LOAR
0530004    00171EUR2 00021524752B1041225     RUM0000000030025-BU1-27502800110583301RCUR
0430004056800171EUR2 0002152475218041225  041225/REFBEN /ORIG MME DEBEL MARIA /  0000000  0000000016000{
0530004    00171EUR2 0002152475218041225     NPYMME DEBEL MARIA
0530004    00171EUR2 0002152475218041225     LCCCHARGES SCM
0530004    00171EUR2 0002152475218041225     RCNZZ1JIMIZYIPO1PSZH
0530004    00171EUR2 0002152475218041225     PDOFR FRANCE
0730004    00171EUR2 00021524752  041225                                                  0000000220248D
0130004    00993EUR2 00010018856  031225AMBULANCES TLS                   COMPTE COURANT   0000000032075E
0730004    00993EUR2 00010018856  041225                                                  0000000032075E
0130004    00171EUR2 00010104672  031225SCI GHTE22600                                     0000000043295E
0730004    00171EUR2 00010104672  041225                                                  0000000043295E
0130004    00890EUR2 00021188093  031225L.I.V.IMMO                       COMPTE COURANT   0000004081032F
0430004000100890EUR2 0002118809301041225  031225CHEQUE N.4001425                 40014250 0000000004844}
0430004008300890EUR2 0002118809328041225  041225DU 031225 S-KERDIS ASNIERES CAR  00000000 0000000000206NTE 4974XXXXXXXX1
0530004    00890EUR2 0002118809328041225     LIB932
0430004052900890EUR2 0002118809321041225  041225/MOTIF LOYERBGSNOV /BEN SCI LES         0 0000000016800}
0530004    00890EUR2 0002118809321041225     NPYCABINET DE RECHERCHE ET D ETUDES DE FINANCEMENTS IMMOBILIERS
0530004    00890EUR2 0002118809321041225     NBESCI LES ROMARINS
0530004    00890EUR2 0002118809321041225     LCCLOYERBGSNOV
0530004    00890EUR2 0002118809321041225     RCNLOYERBGSNOV
0530004    00890EUR2 0002118809321041225     REFLOYERBGSNOV                        LOYERBGSNOV
0530004    00890EUR2 0002118809321041225     CBEFR7630004008900001002357350
0430004052900890EUR2 0002118809321041225  041225/MOTIF LOYERGDENOV /BEN MOULIN          0 0000000018000}
0530004    00890EUR2 0002118809321041225     NPYCABINET DE RECHERCHE ET D ETUDES DE FINANCEMENTS IMMOBILIERS
0530004    00890EUR2 0002118809321041225     NBEMOULIN EMMANUEL
0530004    00890EUR2 0002118809321041225     LCCLOYERGDENOV
0530004    00890EUR2 0002118809321041225     RCNLOYERGDENOV
0530004    00890EUR2 0002118809321041225     REFLOYERGDENOV                        LOYERGDENOV
0530004    00890EUR2 0002118809321041225     CBEFR7630004003450000400919547
0730004    00890EUR2 00021188093  041225                                                  0000004041182A
0130004    00369EUR2 00010048264  031225SCI GJMF 2                    SCI GJMF 2          0000001040239E
0730004    00369EUR2 00010048264  041225                                                  0000001040239E
0130004    00993EUR2 00010007172  031225** PAS DE MOUVEMENT CE JOUR **                    0000002989665N
0430004000100993EUR2 0001000717201041225  031225CHEQUE N.8505598                 85055980 0000000000963K
0430004000100993EUR2 0001000717201041225  031225CHEQUE N.8505603                 85056030 0000000000980}
0430004081300993EUR2 00010007172B1041225  041225PRLV SEPA/ORANGE SA-ORANGE              0 0000000000069RFR18ZZZ002305
0530004    00993EUR2 00010007172B1041225     NBEORANGE SA-ORANGE
0530004    00993EUR2 00010007172B1041225     IBEFR18ZZZ002305
0530004    00993EUR2 00010007172B1041225     LCCVOTRE ABONNEMENT MOBILE  06XXXXX876 (FACTURE  1304699278)
0530004    00993EUR2 00010007172B1041225     RCN161311939185428144130469927850
0530004    00993EUR2 00010007172B1041225     RUMEPCB202411085720746                RCUR
0430004052900993EUR2 0001000717221041225  041225IK 11 2025                       -      0 0000000001597NIK 11 2025
0530004    00993EUR2 0001000717221041225     NPYFRATERNITE ST JEAN JEUNES
0530004    00993EUR2 0001000717221041225     NBEPESTEL BARTOLI KATHY
0530004    00993EUR2 0001000717221041225     RCNIK 11 2025
0530004    00993EUR2 0001000717221041225     REF-                                  -
0530004    00993EUR2 0001000717221041225     CBEFR7617515900000493828333654
0430004056800993EUR2 0001000717218041225  041225CENTRE DE GESTION FINANCIERE -   0000000  0000000159415H150750000CHRS DE
0530004    00993EUR2 0001000717218041225     NPYDRFIP ILE DE FRANCE ET DE PARIS
0530004    00993EUR2 0001000717218041225     NPOCENTRE DE GESTION FINANCIERE - 75
0530004    00993EUR2 0001000717218041225     LCCVOS REF  CHRS DECEMBRE 25 NOS REF  FA EJ  2104613064 DP  2025 IDF1 010
0530004    00993EUR2 0001000717218041225     LC20320058 0750
0530004    00993EUR2 0001000717218041225     RCN150750000CHRS DECEMBRE 254001057851
0530004    00993EUR2 0001000717218041225     PDOFR FRANCE
0730004    00993EUR2 00010007172  041225                                                  0000002833860L
0130004    01877EUR2 00010092069  031225M&P                              COMPTE COURANT   0000000099894G
0430004009901877EUR2 0001009206930031225  0412250312 N.68501 DE 78TRAPPES        168501   0000000012996{   N.COM.4735881
0530004    01877EUR2 0001009206930031225     LIB0312 N.68501 DE 78TRAPPES N.COM.4735881012
0430004056801877EUR2 0001009206918041225  041225CNMSS                            0000000  0000000000230{1D0830000CNMSSPR
0530004    01877EUR2 0001009206918041225     NPYDDFIP DU VAR
0530004    01877EUR2 0001009206918041225     NPOCNMSS
0530004    01877EUR2 0001009206918041225     LCC0000007811433003322109251201
0530004    01877EUR2 0001009206918041225     RCN1D0830000CNMSSPRESTA75625335017547
0530004    01877EUR2 0001009206918041225     PDOFR FRANCE
0430004056801877EUR2 0001009206918041225  041225CPR                              0000000  0000000000450{MJ252262188
0530004    01877EUR2 0001009206918041225     NPYCAISSE PREVOYANCE ET RETRAITE PERS FERRO
0530004    01877EUR2 0001009206918041225     NPOCPR
0530004    01877EUR2 0001009206918041225     LCCCP MANDAT 20251128 78114330
0530004    01877EUR2 0001009206918041225     RCNMJ252262188
0530004    01877EUR2 0001009206918041225     PDOFR FRANCE
0730004    01877EUR2 00010092069  041225                                                  0000000113570G
0130004    02277EUR2 00010043423  031225GROUPE EMON                      COMPTE COURANT   0000000730626B
0730004    02277EUR2 00010043423  041225                                                  0000000730626B
0130004    02036EUR2 00010059845  031225L ABAT JOUR                      COMPTE COURANT   0000000000000{
0730004    02036EUR2 00010059845  041225                                                  0000000000000{
0130004    02414EUR2 00010263597  031225CITY GIRL                        COMPTE COURANT   0000000000000{
0730004    02414EUR2 00010263597  041225                                                  0000000000000{
0130004    00947EUR2 00010059474  031225LA FERME                         COMPTE COURANT   0000001795754{
0730004    00947EUR2 00010059474  041225                                                  0000001795754{
0118206    00218EUR2 53554641009  031225EKITE                            CCE EKITE        0000000569484G  233
0418206000000218EUR2E5355464100905041225  041225VIR MLE SOPHIE ROLHION 03202533  0000001100000000008622{
0518206    00218EUR2 5355464100905041225     NPYMLE SOPHIE ROLHION
0518206    00218EUR2 5355464100905041225     NBEJULIEN MARIE
0518206    00218EUR2 5355464100905041225     RCN032025336212755550000001
0518206    00218EUR2 5355464100905041225     LIBSOGEFRPP
0518206    00218EUR2 5355464100905041225     MMOEUR200000000086220
0418206000000218EUR2E5355464100905041225  041225VIR A D S S I D DU VAL D OISE A  0000000100000000001000{
0518206    00218EUR2 5355464100905041225     NPYA D S S I D DU VAL D OISE
0518206    00218EUR2 5355464100905041225     NBEJULIEN MARIE
0518206    00218EUR2 5355464100905041225     LCCADSSID F27 28 30 31
0518206    00218EUR2 5355464100905041225     RCNADSSID F27 28 30 31
0518206    00218EUR2 5355464100905041225     LIBCMCIFR2AXXX
0518206    00218EUR2 5355464100905041225     MMOEUR200000000010000
0718206    00218EUR2 53554641009  041225                                                  0000000579106G
0118206    00130EUR2 65016397705  031225SOCIETE CIVILE IMMOBILIERE IREM  COMPTE COURANT   0000000428823F  233
0718206    00130EUR2 65016397705  041225        ------------------------------            0000000428823F
0118206    00130EUR2 47457671008  031225EIRL M ZHANG MARC                COMPTE COURANT   0000004253841G  233
0418206000000130EUR2E4745767100805041225  041225VIR ASP AGENCE COMPTABLE 1D0750  2525432100000000009166F
0518206    00130EUR2 4745767100805041225     NPYASP AGENCE COMPTABLE
0518206    00130EUR2 4745767100805041225     NBESAS GARAGE DES ECOLES
0518206    00130EUR2 4745767100805041225     NBUGARAGE DES ECOLES
0518206    00130EUR2 4745767100805041225     LCC155809723 AUEA AUEA04051504820 MINISTERE DU TRAVAIL AIDE UNIQUE APPREN
0518206    00130EUR2 4745767100805041225     LC2TI GARAGE DES ECOLES
0518206    00130EUR2 4745767100805041225     RCN1D0750000155809723-TEL---0442525432
0518206    00130EUR2 4745767100805041225     LIBTRPUFRP1XXX
0518206    00130EUR2 4745767100805041225     MMOEUR200000000091666
0418206000400130EUR2E4745767100830041225  041225CARTE 1073935 001 120285 03/12   0000000100000000000240{
0418206005800130EUR2E4745767100862041225  041225CARTE 1073935 001 120285 03/12   0000000100000000000000O
0418206000400130EUR2E4745767100830041225  041225CARTE 5941175 003 184962 04/12   0000000100000000020091{
0418206005800130EUR2E4745767100862041225  041225CARTE 5941175 003 184962 04/12   0000000100000000000050K
0418206000000130EUR2E4745767100805041225  041225VIR MOTOR CAR LEASING SA RGLMNT  0000000100000000003758C
0518206    00130EUR2 4745767100805041225     NPYMOTOR CAR LEASING SA
0518206    00130EUR2 4745767100805041225     NBEGDE CHALAMBERT PEUGEOT
0518206    00130EUR2 4745767100805041225     LCC176838
0518206    00130EUR2 4745767100805041225     RCNRGLMNT-02-12-2025
0518206    00130EUR2 4745767100805041225     LIBBGLLLULL
0518206    00130EUR2 4745767100805041225     MMOEUR200000000037583
0418206000000130EUR2E4745767100805041225  041225VIR AON FRANCE-P ET C-SINISTRES  3148904100000000009070{
0518206    00130EUR2 4745767100805041225     NPYAON FRANCE-P ET C-SINISTRES
0518206    00130EUR2 4745767100805041225     NBEGARAGE DES ECOLES
0518206    00130EUR2 4745767100805041225     LCCAON.GQ-843-HV.176558.
0518206    00130EUR2 4745767100805041225     RCN3148904
0518206    00130EUR2 4745767100805041225     LIBBREDFRPPXXX
0518206    00130EUR2 4745767100805041225     MMOEUR200000000090700
0418206002100130EUR2E4745767100807041225  041225EFFET DOMICILIES                 00     000000001256191M
0718206    00130EUR2 47457671008  041225                                                  0000003039925D
0118206    00355EUR2 65044069973  031225SNC PERE ET FILS                 COMPTE COURANT   0000000004951R  233
0418206005000355EUR2E65044069973B1041225  041225PIERRE DE VILLE AG CERNAY        0000000000000000008023N
0518206    00355EUR2 65044069973B1041225     NBEPIERRE DE VILLE AG CERNAY
0518206    00355EUR2 65044069973B1041225     IBEFR37ZZZ404028                      SEPA
0518206    00355EUR2 65044069973B1041225     NPYSARL  VIN SUR VIN
0518206    00355EUR2 65044069973B1041225     REF303597957                          PL66420-PRELT----------------------
0518206    00355EUR2 65044069973B1041225     LCCPIERRE DE VILLE   AG DE
0518206    00355EUR2 65044069973B1041225     RUM00EVENPIERRGERANVIN040001          RCUR
0518206    00355EUR2 65044069973B1041225     CPYFR7618206003556504406379936
0418206000000355EUR2E6504406997305041225  041225VIR EDENRED FRANCE VSCT-TX-6724  0000000100000000000209G
0518206    00355EUR2 6504406997305041225     NPYEDENRED FRANCE
0518206    00355EUR2 6504406997305041225     NBESARL VIN SUR VIN
0518206    00355EUR2 6504406997305041225     LCCERF-TRD-2045515-02122025-1
0518206    00355EUR2 6504406997305041225     RCNVSCT-TX-67246
0518206    00355EUR2 6504406997305041225     LIBSOGEFRPPXXX
0518206    00355EUR2 6504406997305041225     MMOEUR200000000002097
0418206000400355EUR2E6504406997330041225  041225CARTE 1821721 001 123063 03/12   0000000100000000001205{
0418206005800355EUR2E6504406997362041225  041225CARTE 1821721 001 123063 03/12   0000000100000000000004Q
0418206000000355EUR2E6504406997305041225  041225VIR ZENCHEF                      0000000100000000001520F
0518206    00355EUR2 6504406997305041225     NPYZENCHEF
0518206    00355EUR2 6504406997305041225     NBEVIN SUR VIN
0518206    00355EUR2 6504406997305041225     LCCEXT BAL SWEEP SWPE42CCC22322235NK4Z3WBLZ5WM5
0518206    00355EUR2 6504406997305041225     LIBADYBNL2AXXX
0518206    00355EUR2 6504406997305041225     MMOEUR200000000015206
0718206    00355EUR2 65044069973  041225                                                  0000000010044R
0118206    00105EUR2 31536761000  031225AP LESAGE                        COMPTE COURANT   0000000029267B  233
0418206002600105EUR2E31536761000C1041225  041225VIR INST VERS CECILE CHATELIN    0000000000000000003579R
0518206    00105EUR2 31536761000C1041225     NPYAUTO ECOLE BAYELINE MR BENABLA
0518206    00105EUR2 31536761000C1041225     NBECECILE CHATELIN
0518206    00105EUR2 31536761000C1041225     LCCSALAIRE
0518206    00105EUR2 31536761000C1041225     REF                                   46DC5D6E8DBA40DC8AACC85823B52886
0518206    00105EUR2 31536761000C1041225     CBEFR9330002062400000006485U63
0418206004400105EUR2E3153676100001041225  041225CHEQUE NO 9784588                9784588000000000000350}
0718206    00105EUR2 31536761000  041225                                                  0000000025337C
0118206    00062EUR2 23356891003  031225SCI GJMF 2                    SCI GJMF 2          0000000031580C  233
0418206000400062EUR2E2335689100330041225  041225CARTE 1829063 002 058357 03/12   0000000100000000001310F
0418206005800062EUR2E2335689100362041225  041225CARTE 1829063 002 058357 03/12   0000000100000000000004N
0718206    00062EUR2 23356891003  041225                                                  0000000032886D