0118079    60167EUR2 02590440468  281125DOCTEUR CHRISTOPHE LEFEVRE SELAR                  0000000000190B0000
0718079    60167EUR2 02590440468  301125                                                  0000000000190B
0118079    60167EUR2 02588930433  281125SARL AGENCE DIAG EXPERT          COMPTE COURANT   0000000031972B0000
0418079    60167EUR2E0258893043330291125  281125REMISE TPV N. 1377090 01  281125 13770901 0000000005505B
0518079    60167EUR2 0258893043330291125     LIBT09002137709001
0418079    60167EUR2E0258893043330291125  281125REMISE TPV N. 1530672 01  281125 15306721 0000000006295C
0518079    60167EUR2 0258893043330291125     LIBT09002153067201
0418079    60167EUR2E0258893043362291125  291125F COMMISSION D INTERVENTION 11/2 00000001 0000000000160}
0518079    60167EUR2 0258893043362291125     LIBT50005I    E
0518079    60167EUR2 0258893043362291125     LIB      EUR512-       - EUR 02OEUR T50009
0418079    60167EUR2E0258893043362291125  291125COM. CARTES 1530672 01 2811      15306721 0000000000059J
0518079    60167EUR2 0258893043362291125     LIBT50005153067201
0518079    60167EUR2 0258893043362291125     LIB      EUR512-         EUR 02OEUR T50009
0418079    60167EUR2E0258893043362291125  291125COM. CARTES 1377090 01 2811      13770901 0000000000060N
0518079    60167EUR2 0258893043362291125     LIBT50005137709001
0518079    60167EUR2 0258893043362291125     LIB      EUR512-       -)EUR 02OEUR T50009
0718079    60167EUR2 02588930433  301125                                                  0000000043493A