0130003    00715EUR2 00120084832  021225DECOFOR                          DECOFOR S.A.S    0000000001929D
0730003    00715EUR2 00120084832  031225                                                  0000000001929D
0130004    01333EUR2 00010241889  021225EKITE                            CCE EKITE        0000000019529J
0430004081301333EUR2 00010241889B1031225  031225PRLV SEPA/VATTENFALL ENERGIES S         0 0000000001555RFR77ZZZ455300
0530004    01333EUR2 00010241889B1031225     NBEVATTENFALL ENERGIES SA
0530004    01333EUR2 00010241889B1031225     IBEFR77ZZZ455300
0530004    01333EUR2 00010241889B1031225     LCCFACTURE P25128102 RCR
0530004    01333EUR2 00010241889B1031225     RCNP25128102
0530004    01333EUR2 00010241889B1031225     RUM000000RCR20240903093038424         RCUR
0730004    01333EUR2 00010241889  031225                                                  0000000021085}
0130003    00712EUR2 00020517463  021225GHM                              COMPTE COURANT   0000000045925H
0730003    00712EUR2 00020517463  031225                                                  0000000045925H
0130004    01333EUR2 00010183951  021225DOCTEUR AUDREY MARQUET           COMPTE COURANT   0000000098553Q
0430004056801333EUR2 0001018395118031225  031225/REFBEN /ORIG ESMERY /MOTIF FAC  0000000  0000000000377B
0530004    01333EUR2 0001018395118031225     NPYESMERY
0530004    01333EUR2 0001018395118031225     LCCFACTURE 2025-00212
0530004    01333EUR2 0001018395118031225     RCNZZ1JIH9ZEAFPEAIA5
0530004    01333EUR2 0001018395118031225     PDOFR FRANCE
0430004056801333EUR2 0001018395118031225  031225/REFBEN /ORIG ESMERY /MOTIF FAC  0000000  0000000002061B
0530004    01333EUR2 0001018395118031225     NPYESMERY
0530004    01333EUR2 0001018395118031225     LCCFACTURE 2025-00236
0530004    01333EUR2 0001018395118031225     RCNZZ1JIHAKO11F74VNT
0530004    01333EUR2 0001018395118031225     PDOFR FRANCE
0730004    01333EUR2 00010183951  031225                                                  0000000096115M
0130003    00745EUR2 00020674748  021225CAPCARRERE                       COMPTE COURANT   0000000361108{
0430003501000745EUR2 00020674748C203122500031225SUMUP PID1446SUMUP LIMITED       06243390 0000000000628H583780624339
0530003    00745EUR2 00020674748C2031225     NPYSUMUP LIMITED
0530003    00745EUR2 00020674748C2031225     LCCSUMUP PID1446408 PAYOUT 031225
0530003    00745EUR2 00020674748C2031225     RCN1821959291
0530003    00745EUR2 00020674748C2031225     PDODE ALLEMAGNE
0430003432000745EUR2 00020674748B103122500031225REF-EEB3A7C5DGC RE APPSOLU       06876590 0000000000588}6310687659
0530003    00745EUR2 00020674748B1031225     NBEGC RE APPSOLU
0530003    00745EUR2 00020674748B1031225     IBEGB15ZZZSDDBARC0000007495895355
0530003    00745EUR2 00020674748B1031225     LCCREF-EEB3A7C5D9DD0F1D76
0530003    00745EUR2 00020674748B1031225     RCND-004E1RCHV859
0730003    00745EUR2 00020674748  031225                                                  0000000361148H
0130003    02944EUR2 00020077878  021225SCI DE L'ALISIER                 COMPTE COURANT   0000000000000{
0430003740002944EUR2 000200778786203122500021225NSTANTANE ELEC  583678347153     00000001 0000000000002NFRAIS VIR I
0530003    02944EUR2 0002007787862031225     LIBREF REMBOURSEMENT ACHAT ELECTRODEPOT
0430003740002944EUR2 000200778786203122500021225NSTANTANE ELEC  583678359294     00000001 0000000000002NFRAIS VIR I
0530003    02944EUR2 0002007787862031225     LIBREF 032025336204530180000001
0730003    02944EUR2 00020077878  031225                                                  0000000000005}
0130003    00741EUR2 00020166712  021225EMON RESTAURANT DU LAC B         COMPTE COURANT   0000000423624H
0430003073000741EUR2 00020166712300312250003122502/12 R88192 CT3948294502        00881920 0000000014050{REMISE CB /
0530003    00741EUR2 0002016671230031225     LIBBT      1411 10E COM     6 10E
0430003073000741EUR2 00020166712300312250003122502/12 R88014 CT3948294501        00880140 0000000011116CREMISE CB /
0530003    00741EUR2 0002016671230031225     LIBBT      1117 60E COM     5 97E
0430003219000741EUR2 000201667121803122500031225N  FACT   807SGC SENLIS          00000000 0000000001040{6391352699S
0530003    00741EUR2 0002016671218031225     NPYSGC SENLIS
0530003    00741EUR2 0002016671218031225     NPOCHAPELLE-EN-SERVAL (LA )
0530003    00741EUR2 0002016671218031225     LCCN  FACT   807 RECUE LE 01/11/2025REPRODUCTION DE CLES POUR PORTE DENTR
0530003    00741EUR2 0002016671218031225     LC2EE PORTCHAPELLE-EN-SERVAL (LA )
0430003377000741EUR2 000201667120103122500021225CHEQUE     288                   00002880 0000000000473L
0730003    00741EUR2 00020166712  031225                                                  0000000449357H
0130004    01485EUR2 00010107199  021225EGV HOLDING                      COMPTE COURANT   0000000315562G
0430004001201485EUR2 0001010719962021225  031225SUR REMISE C.B. DU 0212 N.80574  00000001 0000000000005J N.COM.473663801
0530004    01485EUR2 0001010719962021225     LIB1
0430004001201485EUR2 0001010719962021225  031225SUR REMISE C.B. DU 0212 N.80559  00000001 0000000000026N N.COM.473663901
0530004    01485EUR2 0001010719962021225     LIB5
0430004009901485EUR2 0001010719930021225  0312250212 N.80574 DE 60CHANTILLY      180574   0000000001338{   N.COM.4736638
0530004    01485EUR2 0001010719930021225     LIB0212 N.80574 DE 60CHANTILLY N.COM.4736638011
0430004009901485EUR2 0001010719930021225  0312250212 N.80559 DE 60CHANTILLY      180559   0000000004409E   N.COM.4736639
0530004    01485EUR2 0001010719930021225     LIB0212 N.80559 DE 60CHANTILLY N.COM.4736639015
0730004    01485EUR2 00010107199  031225                                                  0000000321278F
0130003    02944EUR2 00020031538  02122501TE012782                 TE                     0000000167794G
0430003219002944EUR2 000200315381803122500031225REMB. DGFIP -SIE CLERMONT DE L   00000000 0000000045870{6390976839S
0530003    02944EUR2 0002003153818031225     NPYSIE CLERMONT DE L OISE
0530003    02944EUR2 0002003153818031225     LCCREMB. DGFIP - 493359996
0530003    02944EUR2 0002003153818031225     RCN120600610GAH444-2025
0430003949002944EUR2 000200315382103122500031225000001 VIR EUROPEEN EMIS   NET   08178720 0000000009975}9533721527402
0530003    02944EUR2 0002003153821031225     NBEROCAMAT
0530003    02944EUR2 0002003153821031225     REF FACTURE FA013050 DU 28/11/2025
0530003    02944EUR2 0002003153821031225     LCCFACTURE FA013050 DU 28/11/2025
0530003    02944EUR2 0002003153821031225     BDBBNPAFRPP
0730003    02944EUR2 00020031538  031225                                                  0000000203689G
0130003    00718EUR2 00020520298  021225DOCTEUR AUDREY MARQUET           COMPTE COURANT   0000000049436Q
0430003501000718EUR2 00020520298C203122500031225VIR INST     M. TURPIN GUILLAUM  01385100 0000000002530{583780138510
0530003    00718EUR2 00020520298C2031225     NPYM. TURPIN GUILLAUME
0530003    00718EUR2 00020520298C2031225     RCNREGLEMENT FACTURE 1004
0430003219000718EUR2 000205202981803122500031225PASTOOR F1001CETEG               00000000 0000000020000{6385778124S
0530003    00718EUR2 0002052029818031225     NPYCETEG
0530003    00718EUR2 0002052029818031225     LCCPASTOOR F1001
0530003    00718EUR2 0002052029818031225     RCNCETEG - F1001
0430003500000718EUR2 00020520298C103122500031225000001 VIR INSTANTANE EMIS NET   00210410 0000000005000}583780021041
0530003    00718EUR2 00020520298C1031225     NBEMR LENAIN ANTOINE                   03 12 BQ PSST CPT 6886390X033
0530003    00718EUR2 00020520298C1031225     REF032025337216114590000000
0530003    00718EUR2 00020520298C1031225     RCN032025337216114590000001
0530003    00718EUR2 00020520298C1031225     BDBPSSTFRPPSCE
0430003188000718EUR2 000205202986203122500021225COMMISSION D'INTERVENTION        00000001 0000000000100}
0530003    00718EUR2 0002052029862031225     LIBDU 24/11/2025 AU 30/11/2025
0430003661000718EUR2 000205202982803122500031225CARTE X1685 01/12 INTERMARCHE    00010000 0000000000336L
0730003    00718EUR2 00020520298  031225                                                  0000000032343J
0130004    01333EUR2 00010248122  021225MLLE PODEVIN PASCALE             LA CORVETTE      0000000052495G
0730004    01333EUR2 00010248122  031225                                                  0000000052495G
0130003    02946EUR2 00020012279  021225THOMAS FRUCHART FLEURISTE        COMPTE COURANT   0000000000497E
0730003    02946EUR2 00020012279  031225                                                  0000000000497E
0130004    01333EUR2 00010244202  021225BC2L IMMOBILIER                  COMPTE COURANT   0000000028682{
0730004    01333EUR2 00010244202  031225                                                  0000000028682{
0130004    01333EUR2 00010253640  021225GV LOGEMENT                      COMPTE COURANT   0000001387940F
0430004009901333EUR2 0001025364030021225  0312250212 N.50800 DE 60SENLIS         350800   0000000001329A   N.COM.4759577
0530004    01333EUR2 0001025364030021225     LIB0212 N.50800 DE 60SENLIS N.COM.4759577014
0430004009901333EUR2 0001025364030021225  0312250212 N.03193 DE 60BEAUVAIS       203193   0000000005004D   N.COM.4998648
0530004    01333EUR2 0001025364030021225     LIB0212 N.03193 DE 60BEAUVAIS N.COM.4998648015
0430004056801333EUR2 0001025364018031225  031225CAMIEG                           0000000  0000000000220E0000006010027363
0530004    01333EUR2 0001025364018031225     NPYCAMIEG
0530004    01333EUR2 0001025364018031225     IPY0                                  BICORBEI
0530004    01333EUR2 0001025364018031225     LCC0000006010027363350021251202
0530004    01333EUR2 0001025364018031225     RCN0000006010027363350021251202       PENS
0530004    01333EUR2 0001025364018031225     PDOFR FRANCE
0430004056801333EUR2 0001025364018031225  031225CPAM COTE OPALE BFCM             0000000  0000000000309F0000006010027363
0530004    01333EUR2 0001025364018031225     NPYCPAM COTE OPALE BFCM
0530004    01333EUR2 0001025364018031225     IPY0                                  BICORBEI
0530004    01333EUR2 0001025364018031225     LCC0000006010027363353111251202
0530004    01333EUR2 0001025364018031225     RCN0000006010027363353111251202
0530004    01333EUR2 0001025364018031225     PDOFR FRANCE
0430004056801333EUR2 0001025364018031225  031225MSA DE PICARDIE                  0000000  0000000000309F2025113000000060
0530004    01333EUR2 0001025364018031225     NPYMSA DE PICARDIE
0530004    01333EUR2 0001025364018031225     IPY78061123200015                     BICORBEI
0530004    01333EUR2 0001025364018031225     NPOMSA DE PICARDIE
0530004    01333EUR2 0001025364018031225     LCC2025113000000060100273 02601000
0530004    01333EUR2 0001025364018031225     RCN2025113000000060100273 02601000
0530004    01333EUR2 0001025364018031225     PDOFR FRANCE
0430004056801333EUR2 0001025364018031225  031225MGEN                             0000000  0000000000882{0000006010027363
0530004    01333EUR2 0001025364018031225     NPYMGEN
0530004    01333EUR2 0001025364018031225     IPY0                                  BICORBEI
0530004    01333EUR2 0001025364018031225     LCC0000006010027363306511251127
0530004    01333EUR2 0001025364018031225     RCN0000006010027363306511251127
0530004    01333EUR2 0001025364018031225     PDOFR FRANCE
0430004056801333EUR2 0001025364018031225  031225CPAM DE L OISE                   0000000  0000000008061G0000006010027363
0530004    01333EUR2 0001025364018031225     NPYCPAM DE L OISE
0530004    01333EUR2 0001025364018031225     IPY0                                  BICORBEI
0530004    01333EUR2 0001025364018031225     LCC0000006010027363354802251202
0530004    01333EUR2 0001025364018031225     RCN0000006010027363354802251202
0530004    01333EUR2 0001025364018031225     PDOFR FRANCE
0430004052901333EUR2 0001025364021031225  031225/MOTIF 1225 /BEN AUGUSTINE PITH         0 0000000010000}
0530004    01333EUR2 0001025364021031225     NBEAUGUSTINE PITHON
0530004    01333EUR2 0001025364021031225     LCC1225
0430004081301333EUR2 00010253640B1031225  031225PRLV SEPA/CLINIQUE DU PARC ST L         0 0000000010554RFR52ZZZ479127
0530004    01333EUR2 00010253640B1031225     NBECLINIQUE DU PARC ST LAZARE
0530004    01333EUR2 00010253640B1031225     IBEFR52ZZZ479127
0530004    01333EUR2 00010253640B1031225     LCCREDEVANCE SEPT 25
0530004    01333EUR2 00010253640B1031225     RCN  KUNTZIGER-38281360
0530004    01333EUR2 00010253640B1031225     RUM  KUNTZIGER                        RCUR
0430004052901333EUR2 0001025364021031225  031225/MOTIF IMPOTS /BEN MADEMOISELLE         0 0000000050000}
0530004    01333EUR2 0001025364021031225     NBEMADEMOISELLE ANNE KUNTZIGER
0530004    01333EUR2 0001025364021031225     LCCIMPOTS
0730004    01333EUR2 00010253640  031225                                                  0000001333502F
0130004    01333EUR2 00010030730  021225SCI CAMPUS                       COMPTE COURANT   0000000112304A
0430004009901333EUR2 0001003073030021225  0312250212 N.23978 DE 60LAMORLAYE      223978   0000000001950B   N.COM.4060620
0530004    01333EUR2 0001003073030021225     LIB0212 N.23978 DE 60LAMORLAYE N.COM.4060620016
0430004009901333EUR2 0001003073030031225  0312250312 N.46427 DE 60LAMORLAYE      146427   0000000000966A   N.COM.4119097
0530004    01333EUR2 0001003073030031225     LIB0312 N.46427 DE 60LAMORLAYE N.COM.4119097010
0430004056801333EUR2 0001003073018031225  031225VERSPIEREN 0000016809            0000000  0000000004399A602607384 005541
0530004    01333EUR2 0001003073018031225     NPYVERSPIEREN 0000016809
0530004    01333EUR2 0001003073018031225     LCC602607384 0055412030
0530004    01333EUR2 0001003073018031225     RCN602607384 0055412030
0530004    01333EUR2 0001003073018031225     PDOFR FRANCE
0430004081301333EUR2 00010030730B1031225  031225PRLV SEPA/SAS ALLIANCE OPTIQUE          0 0000000040000}FR09ZZZ315486
0530004    01333EUR2 00010030730B1031225     NBESAS ALLIANCE OPTIQUE
0530004    01333EUR2 00010030730B1031225     IBEFR09ZZZ315486
0530004    01333EUR2 00010030730B1031225     LCCPREL. AUTO FDM C0331 LAMORLAYE OPTIQUE
0530004    01333EUR2 00010030730B1031225     RCNC0331-202511-251
0530004    01333EUR2 00010030730B1031225     RUMC0331-PRO-01                       RCUR
0730004    01333EUR2 00010030730  031225                                                  0000000079619E
0130004    01306EUR2 00010037439  021225CR OPTIQUE                       COMPTE MUTUELLE  0000000015021H
0430004052901306EUR2 0001003743921031225  031225/MOTIF ACHAT PIECES DIVERS /BEN         0 0000000004072R
0530004    01306EUR2 0001003743921031225     NBEAUTO MOURAD II
0530004    01306EUR2 0001003743921031225     LCCACHAT PIECES DIVERS
0730004    01306EUR2 00010037439  031225                                                  0000000010948I
0130004    00074EUR2 00010298404  021225SARL PROXI SHOP                  COMPTE COURANT   0000000083102C
0430004045100074EUR2 0001029840404021225  02122502/12/25 17H46 0007495           0000000  0000000001549A
0430004045100074EUR2 0001029840404021225  02122502/12/25 17H47 0007435           0000000  0000000011400{
0430004051600074EUR2 00010298404C1021225  021225LOYER DU LOCAL  CREIL            00000000 0000000019212MNOTPROVIDED
0530004    00074EUR2 00010298404C1021225     LCCLOYER DU LOCAL  CREIL
0530004    00074EUR2 00010298404C1021225     NBESCI LOCO PLUS IMMO
0530004    00074EUR2 00010298404C1021225     REF10584216C7E44EEAA573031BCA71A261
0530004    00074EUR2 00010298404C1021225     RCNNOTPROVIDED
0430004009900074EUR2 0001029840430021225  0312250212 N.09343 DE 60CREIL          109343   0000000000286E   N.COM.4039138
0530004    00074EUR2 0001029840430021225     LIB0212 N.09343 DE 60CREIL N.COM.4039138012
0430004009900074EUR2 0001029840430021225  0312250212 N.14158 DE 60CREIL          214158   0000000004089D   N.COM.4039139
0530004    00074EUR2 0001029840430021225     LIB0212 N.14158 DE 60CREIL N.COM.4039139016
0430004009900074EUR2 0001029840430031225  0312250312 N.37097 DE 60CREIL          137097   0000000000010E   N.COM.4039139
0530004    00074EUR2 0001029840430031225     LIB0312 N.37097 DE 60CREIL N.COM.4039139016
0430004008300074EUR2 0001029840428031225  031225DU 301125 SANEF 2511-0112 SENLI  00000000 0000000000022}S CARTE 4974XXXX
0530004    00074EUR2 0001029840428031225     LIBXXXX5817
0430004008300074EUR2 0001029840428031225  031225DU 021225 LIDL 3624 ST MAXIMIN   00000000 0000000000368OCARTE 4974XXXXXX
0530004    00074EUR2 0001029840428031225     LIBXX5817
0430004081300074EUR2 00010298404B1031225  031225PRLV SEPA/METRO FRANCE S.A.S.-M         0 0000000001496JFR17ZZZ452888
0530004    00074EUR2 00010298404B1031225     NBEMETRO FRANCE S.A.S.-METRO FRANCE
0530004    00074EUR2 00010298404B1031225     IBEFR17ZZZ452888
0530004    00074EUR2 00010298404B1031225     LCC/INV/0051.008259
0530004    00074EUR2 00010298404B1031225     RCN03811764392026                     TRAD
0530004    00074EUR2 00010298404B1031225     RUMCMR000082238101                    RCUR
0430004081300074EUR2 00010298404B1031225  031225PRLV SEPA/METRO FRANCE S.A.S.-M         0 0000000006130KFR17ZZZ452888
0530004    00074EUR2 00010298404B1031225     NBEMETRO FRANCE S.A.S.-METRO FRANCE
0530004    00074EUR2 00010298404B1031225     IBEFR17ZZZ452888
0530004    00074EUR2 00010298404B1031225     LCC/INV/0052.007834
0530004    00074EUR2 00010298404B1031225     RCN03811545962026                     TRAD
0530004    00074EUR2 00010298404B1031225     RUMCMR000082238101                    RCUR
0430004081300074EUR2 00010298404B1031225  031225PRLV SEPA/MOULIN DES OSMEAUX            0 0000000009846OFR45ZZZ437834
0530004    00074EUR2 00010298404B1031225     NBEMOULIN DES OSMEAUX
0530004    00074EUR2 00010298404B1031225     IBEFR45ZZZ437834
0530004    00074EUR2 00010298404B1031225     LCCIMP2-773619 FS
0530004    00074EUR2 00010298404B1031225     RCNIMP2-773619 FS
0530004    00074EUR2 00010298404B1031225     RUM4112088                            RCUR
0730004    00074EUR2 00010298404  031225                                                  0000000063361I
0130004    01485EUR2 00010155102  021225L.I.V.IMMO                       COMPTE COURANT   0000000058843A
0430004008501485EUR2 0001015510207031225  021225REG 0312 RELEVE 20182106         00000000 0000000010701M
0430004009901485EUR2 0001015510230031225  0312250312 N.45594 DE 60CHANTILLY      145594   0000000001071B   N.COM.4887015
0530004    01485EUR2 0001015510230031225     LIB0312 N.45594 DE 60CHANTILLY N.COM.4887015016
0430004009901485EUR2 0001015510230031225  0312250312 N.36144 DE 60CHANTILLY      236144   0000000002266{   N.COM.4887014
0530004    01485EUR2 0001015510230031225     LIB0312 N.36144 DE 60CHANTILLY N.COM.4887014012
0430004005601485EUR2 0001015510275031225  03122501485 61225716                   00000001 0000000002535M
0430004056801485EUR2 0001015510218031225  031225CHANTILLY                        0000000  0000000004770{1606004301390001
0530004    01485EUR2 0001015510218031225     NPYSGC SENLIS
0530004    01485EUR2 0001015510218031225     NPOCHANTILLY
0530004    01485EUR2 0001015510218031225     LCCF.2022-358 DU 21/11/25 BOUTEILLES DE CREMANT POTS DIVERSCHANTILLY
0530004    01485EUR2 0001015510218031225     RCN1606004301390001122025-3717
0530004    01485EUR2 0001015510218031225     PDOFR FRANCE
0730004    01485EUR2 00010155102  031225                                                  0000000053713E
0130004    01485EUR2 00010169390  021225SENTEURS ET CHARME D ANTAN       COMPTE COURANT   0000000071711{
0430004081301485EUR2 00010169390B1031225  031225PRLV SEPA/METRO FRANCE S.A.S.-M         0 0000000000209NFR17ZZZ452888
0530004    01485EUR2 00010169390B1031225     NBEMETRO FRANCE S.A.S.-METRO FRANCE
0530004    01485EUR2 00010169390B1031225     IBEFR17ZZZ452888
0530004    01485EUR2 00010169390B1031225     LCC/INV/0051.008768
0530004    01485EUR2 00010169390B1031225     RCN03811542912026                     TRAD
0530004    01485EUR2 00010169390B1031225     RUMFRMCC048005507001                  RCUR
0430004008301485EUR2 0001016939028031225  031225DU 011225 AVIS RENT-A-CAR CARTE  00000000 0000000001119N 4974XXXXXXXX911
0530004    01485EUR2 0001016939028031225     LIB4 IRL 111 95EUR
0430004009901485EUR2 0001016939030031225  0312250312 N.28934 DE 60MELLO          128934   0000000001552H   N.COM.4212978
0530004    01485EUR2 0001016939030031225     LIB0312 N.28934 DE 60MELLO N.COM.4212978012
0430004009901485EUR2 0001016939030031225  0312250312 N.34041 DE 60MELLO          234041   0000000002212G   N.COM.4300969
0530004    01485EUR2 0001016939030031225     LIB0312 N.34041 DE 60MELLO N.COM.4300969010
0430004009901485EUR2 0001016939030031225  0312250312 N.34029 DE 60MELLO          234029   0000000002564B   N.COM.4212998
0530004    01485EUR2 0001016939030031225     LIB0312 N.34029 DE 60MELLO N.COM.4212998015
0430004009901485EUR2 0001016939030031225  0312250312 N.34033 DE 60MELLO          234033   0000000003915G   N.COM.4212980
0530004    01485EUR2 0001016939030031225     LIB0312 N.34033 DE 60MELLO N.COM.4212980013
0430004009901485EUR2 0001016939030031225  0312250312 N.34031 DE 60MELLO          234031   0000000007750C   N.COM.4300970
0530004    01485EUR2 0001016939030031225     LIB0312 N.34031 DE 60MELLO N.COM.4300970014
0430004081301485EUR2 00010169390B1031225  031225PRLV SEPA/METRO FRANCE S.A.S.-M         0 0000000008956LFR17ZZZ452888
0530004    01485EUR2 00010169390B1031225     NBEMETRO FRANCE S.A.S.-METRO FRANCE
0530004    01485EUR2 00010169390B1031225     IBEFR17ZZZ452888
0530004    01485EUR2 00010169390B1031225     LCC/INV/0051.008760
0530004    01485EUR2 00010169390B1031225     RCN03811542902026                     TRAD
0530004    01485EUR2 00010169390B1031225     RUMFRMCC048005507001                  RCUR
0730004    01485EUR2 00010169390  031225                                                  0000000079421D
0130004    01333EUR2 00010211993  021225AP LESAGE                        COMPTE COURANT   0000000000844{
0730004    01333EUR2 00010211993  031225                                                  0000000000844{
0130004    00568EUR2 00010252543  021225SCI DU FRIEGE                    COMPTE COURANT   0000000178116F
0430004008300568EUR2 0001025254328031225  031225DU 291125 SANEF 2511-0112 SENLI  00000000 0000000000071}S CARTE 4974XXXX
0530004    00568EUR2 0001025254328031225     LIBXXXX2115
0430004008300568EUR2 0001025254328031225  031225DU 021225 GAUDEFROY RM ESTREES   00000000 0000000000172}ST DE CARTE 4974
0530004    00568EUR2 0001025254328031225     LIBXXXXXXXX2115
0430004052900568EUR2 0001025254321031225  031225/MOTIF PAYE MR BOILON .E NOV /B         0 0000000006267R
0530004    00568EUR2 0001025254321031225     NBEBOILON ERWAN
0530004    00568EUR2 0001025254321031225     LCCPAYE MR BOILON .E NOV
0730004    00568EUR2 00010252543  031225                                                  0000000171605G
0130003    00715EUR2 00020084832  021225MR CARTON MATTHIEU               COMPTE COURANT   0000000025688{
0430003501000715EUR2 00020084832C203122500031225REMBOURSEMENTM J BATAILLE OU MM  03011860 0000000044400{583780301186
0530003    00715EUR2 00020084832C2031225     NPYM J BATAILLE OU MME C BATAILLE
0530003    00715EUR2 00020084832C2031225     LCCREMBOURSEMENT AMEX OCT 25
0530003    00715EUR2 00020084832C2031225     RCNVK53362WX0N3CM01
0430003501000715EUR2 00020084832C203122500031225CREDIT COMPTELA PORTE BELLON     06740440 0000000035000{583780674044
0530003    00715EUR2 00020084832C2031225     NPYLA PORTE BELLON
0530003    00715EUR2 00020084832C2031225     LCCCREDIT COMPTE
0530003    00715EUR2 00020084832C2031225     RCNVK53373G2Q0D9501
0430003073000715EUR2 00020084832300312250003122502/12 R12426 CT3128599801        00124260 0000000019902AREMISE CB /
0530003    00715EUR2 0002008483230031225     LIBBT      2004 20E COM    13 99E
0430003073000715EUR2 00020084832300312250003122502/12 R12510 CT3128599001        00125100 0000000009667HREMISE CB /
0530003    00715EUR2 0002008483230031225     LIBBT       973 60E COM     6 82E
0430003073000715EUR2 00020084832300312250003122503/12 R37628 CT3835753001        00376280 0000000001982{REMISE CB /
0530003    00715EUR2 0002008483230031225     LIBBT       199 20E COM     1 00E
0430003219000715EUR2 00020084832180312250003122520251125-01  VERDIE AGENCE       00000000 0000000013808{6390543672S
0530003    00715EUR2 0002008483218031225     NPYVERDIE AGENCE
0530003    00715EUR2 0002008483218031225     LCC20251125-01
0530003    00715EUR2 0002008483218031225     RCN20251125-01
0430003500000715EUR2 00020084832C103122500031225000001 VIR INSTANTANE EMIS NET   06913250 0000000010210P583780691325
0530003    00715EUR2 00020084832C1031225     NBELALLOUETTE ELODIE                   03 12 BQ CMCI CPT 00020874003
0530003    00715EUR2 00020084832C1031225     REF032025337220785000000000
0530003    00715EUR2 00020084832C1031225     RCNSALAIRE NOVEMBRE 2025
0530003    00715EUR2 00020084832C1031225     LCCSALAIRE NOVEMBRE 2025
0430003500000715EUR2 00020084832C103122500031225000001 VIR INSTANTANE EMIS NET   06813940 0000000021714}583780681394
0530003    00715EUR2 00020084832C1031225     NBESOW KALIDOU                         03 12 BQ PSST CPT 2026813C026
0530003    00715EUR2 00020084832C1031225     REF032025337220721120000000
0530003    00715EUR2 00020084832C1031225     RCNSALAIRE NOVEMBRE 2025
0530003    00715EUR2 00020084832C1031225     LCCSALAIRE NOVEMBRE 2025
0430003188000715EUR2 000200848326203122500021225COMMISSION D'INTERVENTION        00000001 0000000000160}
0530003    00715EUR2 0002008483262031225     LIBDU 24/11/2025 AU 30/11/2025
0430003661000715EUR2 000200848322803122500031225CARTE X7753 02/12 CHARGEMAP      00010000 0000000000357J
0530003    00715EUR2 0002008483228031225     LIBCOMMERCE ELECTRONIQUE
0730003    00715EUR2 00020084832  031225                                                  0000000118006A
0130003    03871EUR2 00020147329  021225GROUPE EMON                      COMPTE COURANT   0000000441933H
0730003    03871EUR2 00020147329  031225                                                  0000000441933H
0130003    00715EUR2 00020269517  02122501TE012782                 TE                     0000000059317B
0730003    00715EUR2 00020269517  031225                                                  0000000059317B
0130003    03110EUR2 00020084448  021225DOCTEUR CHRISTOPHE LEFEVRE SELAR                  0000000018249{
0430003661003110EUR2 000200844482803122500031225CARTE X2266 01/12 SANEF 2511-01  00010000 0000000000022}12
0430003661003110EUR2 000200844482803122500031225CARTE X4295 01/12 SANEF 2511-01  00010000 0000000000154}12
0430003661003110EUR2 000200844482803122500031225CARTE X4295 02/12 DEBUQUOY IMMO  00010000 0000000000855OBIL
0730003    03110EUR2 00020084448  031225                                                  0000000017217D
0130003    00745EUR2 00020015158  021225SOCIETE CIVILE DU VAL DE LOIRE                    0000000000115Q
0430003073000745EUR2 00020015158300312250003122503/12 R58117 CT3921276801        00581170 0000000001993IREMISE CB /
0530003    00745EUR2 0002001515830031225     LIBBT       201 00E COM     1 61E
0430003073000745EUR2 00020015158300312250003122503/12 R84102 CT3921276001        00841020 0000000001587BREMISE CB /
0530003    00745EUR2 0002001515830031225     LIBBT       160 00E COM     1 28E
0430003377000745EUR2 000200151580103122500011225CHEQUE     451                   00004510 0000000002941Q
0430003188000745EUR2 000200151586203122500021225COMMISSION D'INTERVENTION        00000001 0000000000320}
0530003    00745EUR2 0002001515862031225     LIBDU 24/11/2025 AU 30/11/2025
0730003    00745EUR2 00020015158  031225                                                  0000000000203E
0130003    00718EUR2 00020553851  021225AP LESAGE                        COMPTE COURANT   0000000009064A
0430003073000718EUR2 00020553851300312250003122503/12 R50791 CT3974078001        00507910 0000000018081GREMISE CB /
0530003    00718EUR2 0002055385130031225     LIBBT      1819 25E COM    11 08E
0430003073000718EUR2 00020553851300312250003122503/12 R80934 CT3974078001        00809340 0000000003796CREMISE CB /
0530003    00718EUR2 0002055385130031225     LIBBT       381 35E COM     1 72E
0430003219000718EUR2 000205538511803122500031225ERF-TRD-20712EDENRED FRANCE      00000000 0000000001813F6484635261S
0530003    00718EUR2 0002055385118031225     NPYEDENRED FRANCE
0530003    00718EUR2 0002055385118031225     LCCERF-TRD-2071295-02122025-1
0530003    00718EUR2 0002055385118031225     RCNVSCT-TX-12456
0430003219000718EUR2 000205538511803122500031225VIR RECU     PLUXEE FRANCE       00000000 0000000000473E6488505447S
0530003    00718EUR2 0002055385118031225     NPYPLUXEE FRANCE
0530003    00718EUR2 0002055385118031225     RCNSOD-TRD-2071295-30112025
0430003219000718EUR2 000205538511803122500031225NIT-TRD-20712REGLEMENT AFFILIES  00000000 0000000000238{6390669804S
0530003    00718EUR2 0002055385118031225     NPYREGLEMENT AFFILIES BIMPLI TR
0530003    00718EUR2 0002055385118031225     LCCNIT-TRD-2071295-01122025-01
0530003    00718EUR2 0002055385118031225     RCN01/12/2025 NIT RBTMONETIQUE - 13624
0430003432000718EUR2 00020553851B103122500031225PRELEVEMENT EASCD                01774570 0000000000540}6300177457
0530003    00718EUR2 00020553851B1031225     NBEASCD
0530003    00718EUR2 00020553851B1031225     IBEFR21ZZZ636728
0530003    00718EUR2 00020553851B1031225     RCN003445322025-12-01-18.52.11.426419
0530003    00718EUR2 00020553851B1031225     RUMXX000C1930
0430003432000718EUR2 00020553851B103122500031225/INV/0052.007METRO FRANCE S.A.S  38910690 0000000007972L6303891069
0530003    00718EUR2 00020553851B1031225     NBEMETRO FRANCE S.A.S.-METRO FRANCE
0530003    00718EUR2 00020553851B1031225     IBEFR17ZZZ452888
0530003    00718EUR2 00020553851B1031225     LCC/INV/0052.007909
0530003    00718EUR2 00020553851B1031225     RCN03811761162026
0730003    00718EUR2 00020553851  031225                                                  0000000024954I
0130003    00712EUR2 00020519382  021225EIRL ECO BAT                     COMPTE COURANT   0000000006097I
0730003    00712EUR2 00020519382  031225                                                  0000000006097I
0130003    02944EUR2 00020024274  021225IBH                              COMPTE COURANT   0000000975034C
0430003501002944EUR2 00020024274C203122500031225FAC000089 SCIS.C.I. DRCJ2        97019180 0000000112120{583779701918
0530003    02944EUR2 00020024274C2031225     NPYS.C.I. DRCJ2
0530003    02944EUR2 00020024274C2031225     LCCFAC000089 SCI DRCJ2  MAISON B
0530003    02944EUR2 00020024274C2031225     RCNFAC000089 SCI DRCJ2  MAISON B
0430003900002944EUR2 000200242746203122500021225FRAIS VIREMENT SEPA ELEC. PGN    00000001 0000000000015}
0530003    02944EUR2 0002002427462031225     LIBREF STP
0530003    02944EUR2 0002002427462031225     LIB6 VIRT       A   0 25 EUR NT
0430003377002944EUR2 000200242740103122500021225CHEQUE 1308201                   13082010 0000000001985O
0430003377002944EUR2 000200242740103122500021225CHEQUE 1308208                   13082080 0000000138458Q
0730003    02944EUR2 00020024274  031225                                                  0000000946694I
0130003    02944EUR2 00020034650  021225MGFH                             COMPTE COURANT   0000000000492E
0730003    02944EUR2 00020034650  031225                                                  0000000000492E
0130004    01333EUR2 00010282606  021225DECOFOR                          DECOFOR S.A.S    0000000028865Q
0430004009901333EUR2 0001028260630021225  0312250212 N.84503 DE 60BARON          184503   0000000003715I   N.COM.4040164
0530004    01333EUR2 0001028260630021225     LIB0212 N.84503 DE 60BARON N.COM.4040164011
0430004009901333EUR2 0001028260630021225  0312250212 N.89002 DE 60BARON          289002   0000000004312D   N.COM.4040165
0530004    01333EUR2 0001028260630021225     LIB0212 N.89002 DE 60BARON N.COM.4040165015
0730004    01333EUR2 00010282606  031225                                                  0000000020837N