0130004    00171EUR2 00010094005  281125LA PAUSE S'IMPOSE                COMPTE COURANT   0000000108431H
0430004045100171EUR2 0001009400504281125  29112529/11/25 13H04 0034537           0000000  0000000002000{
0430004009900171EUR2 0001009400530281125  0112252911 N.73116 DE 92ASNIERES-SUR-  173116   0000000000397F   N.COM.4709572
0530004    00171EUR2 0001009400530281125     LIB N.COM.4709572012
0430004009900171EUR2 0001009400530281125  0112252911 N.95539 DE 92ASNIERES-SUR-  195539   0000000001650{   N.COM.4709572
0530004    00171EUR2 0001009400530281125     LIB N.COM.4709572012
0730004    00171EUR2 00010094005  011225                                                  0000000112479D
0130004    02036EUR2 00010181320  281125SCI MID PASSEL                   COMPTE COURANT   0000001138641L
0430004009002036EUR2 0001018132091011225  011225PAIEMENT C. PROC 18851           00000000 0000000001522Q
0430004056802036EUR2 0001018132018011225  011225AKTO                             0000000  0000000036997EPOLE PAIEMENT AP
0530004    02036EUR2 0001018132018011225     NPYAKTO
0530004    02036EUR2 0001018132018011225     IPY85300098200019                     BICORBEI
0530004    02036EUR2 0001018132018011225     LCCPAIEMENT FACTURE REF.
0530004    02036EUR2 0001018132018011225     RCNPOLE PAIEMENT APP 2/2250373
0530004    02036EUR2 0001018132018011225     PDOFR FRANCE
0430004056802036EUR2 0001018132018011225  011225OPCO EP DEPENSE                  0000000  0000000051036{DEP-B46A515583-1
0530004    02036EUR2 0001018132018011225     NPYOPCO EP DEPENSE
0530004    02036EUR2 0001018132018011225     LCCO AV10310202531 AV10310202532
0530004    02036EUR2 0001018132018011225     RCNDEP-B46A515583-1
0530004    02036EUR2 0001018132018011225     PDOFR FRANCE
0430004056802036EUR2 0001018132018011225  011225AKTO                             0000000  0000000056216{POLE APP 1 (75)/
0530004    02036EUR2 0001018132018011225     NPYAKTO
0530004    02036EUR2 0001018132018011225     IPY85300098200019                     BICORBEI
0530004    02036EUR2 0001018132018011225     LCCPAIEMENT FACTURE REF.
0530004    02036EUR2 0001018132018011225     RCNPOLE APP 1 (75)/2250726
0530004    02036EUR2 0001018132018011225     PDOFR FRANCE
0430004056802036EUR2 0001018132018011225  011225AKTO                             0000000  0000000573602APOLE PAIEMENT AP
0530004    02036EUR2 0001018132018011225     NPYAKTO
0530004    02036EUR2 0001018132018011225     IPY85300098200019                     BICORBEI
0530004    02036EUR2 0001018132018011225     LCCPAIEMENT FACTURE REF.
0530004    02036EUR2 0001018132018011225     RCNPOLE PAIEMENT APP 2/2250372
0530004    02036EUR2 0001018132018011225     PDOFR FRANCE
0730004    02036EUR2 00010181320  011225                                                  0000000422312N
0130004    00171EUR2 00010042687  281125CLUB SMOKI                       COMPTE COURANT   0000000320913D
0430004009900171EUR2 0001004268730281125  0112252911 N.86950 DE 95ANDILLY        286950   0000000001750{   N.COM.4712782
0530004    00171EUR2 0001004268730281125     LIB2911 N.86950 DE 95ANDILLY N.COM.4712782010
0430004056800171EUR2 0001004268718011225  011225CPAM ESSONNE                     0000000  0000000000300{0000009510016503
0530004    00171EUR2 0001004268718011225     NPYCPAM ESSONNE
0530004    00171EUR2 0001004268718011225     IPY0                                  BICORBEI
0530004    00171EUR2 0001004268718011225     LCC0000009510016503311831251128
0530004    00171EUR2 0001004268718011225     RCN0000009510016503311831251128       PENS
0530004    00171EUR2 0001004268718011225     PDOFR FRANCE
0430004056800171EUR2 0001004268718011225  011225MGEN                             0000000  0000000000600{0000009510016503
0530004    00171EUR2 0001004268718011225     NPYMGEN
0530004    00171EUR2 0001004268718011225     IPY0                                  BICORBEI
0530004    00171EUR2 0001004268718011225     LCC0000009510016503286511251125
0530004    00171EUR2 0001004268718011225     RCN0000009510016503286511251125
0530004    00171EUR2 0001004268718011225     PDOFR FRANCE
0430004081300171EUR2 00010042687B1011225  011225PRLV SEPA/CEGELEASE                     0 0000000000890}FR25ZZZ457594
0530004    00171EUR2 00010042687B1011225     NBECEGELEASE
0530004    00171EUR2 00010042687B1011225     IBEFR25ZZZ457594
0530004    00171EUR2 00010042687B1011225     LCC27426431 62208790 8728049
0530004    00171EUR2 00010042687B1011225     RCN27426431
0530004    00171EUR2 00010042687B1011225     RUMCG6220879000                       RCUR
0430004056800171EUR2 0001004268718011225  011225CPAM 93                          0000000  0000000000900{0000009510016503
0530004    00171EUR2 0001004268718011225     NPYCPAM 93
0530004    00171EUR2 0001004268718011225     IPY0                                  BICORBEI
0530004    00171EUR2 0001004268718011225     LCC0000009510016503311393251128
0530004    00171EUR2 0001004268718011225     RCN0000009510016503311393251128       PENS
0530004    00171EUR2 0001004268718011225     PDOFR FRANCE
0430004056800171EUR2 0001004268718011225  011225CPAM DU VAL D OISE               0000000  0000000004250{0000009510016503
0530004    00171EUR2 0001004268718011225     NPYCPAM DU VAL D OISE
0530004    00171EUR2 0001004268718011225     IPY0                                  BICORBEI
0530004    00171EUR2 0001004268718011225     LCC0000009510016503318500251128
0530004    00171EUR2 0001004268718011225     RCN0000009510016503318500251128       PENS
0530004    00171EUR2 0001004268718011225     PDOFR FRANCE
0430004052900171EUR2 0001004268721011225  011225/MOTIF ESS DEC 2025 /BEN ESS /R         0 0000000010237K
0530004    00171EUR2 0001004268721011225     NBEESS
0530004    00171EUR2 0001004268721011225     LCCESS DEC 2025
0430004052900171EUR2 0001004268721011225  011225/MOTIF LOYER SCM DEC 2025 /BEN          0 0000000014500}
0530004    00171EUR2 0001004268721011225     NBESCM LECLER DEBEL
0530004    00171EUR2 0001004268721011225     LCCLOYER SCM DEC 2025
0730004    00171EUR2 00010042687  011225                                                  0000000303086B
0130066    10383EUR2 00020481063  281125EI AIGU MELANIE                  COMPTE COURANT   0000000538890E281125021225
0430066916310383EUR2 00020481063B2011225  011225PRLV SEPA DIRECTION GENERALE DE  0000000000000000007490}
0530066    10383EUR2 00020481063B2011225     LIBAMR20251100605 500001377506
0530066    10383EUR2 00020481063B2011225     RIBFR8530001006514915J05100262          BDFEFRPP
0530066    10383EUR2 00020481063B2011225     NOMDIRECTION GENERALE DES FINANCES PUBSCI LA GRACE
0530066    10383EUR2 00020481063B2011225     NBEDIRECTION GENERALE DES FINANCES PUB
0530066    10383EUR2 00020481063B2011225     IBEFR46ZZZ005002
0530066    10383EUR2 00020481063B2011225     NPYSCI LA GRACE
0530066    10383EUR2 00020481063B2011225     NPODGFIP IMPOT
0530066    10383EUR2 00020481063B2011225     LCCAMR20251100605 500001377506
0530066    10383EUR2 00020481063B2011225     RCN52095047020251100605
0530066    10383EUR2 00020481063B2011225     REF25331-5337-PSR-B2B-01-00003760
0530066    10383EUR2 00020481063B2011225     RUMNN833857477DGFIP2025016806M79A4PYY
0530066    10383EUR2 00020481063B2011225     CPYFR7630066103830002048360160
0730066    10383EUR2 00020481063  011225                                                  0000000531400E
0130004    00890EUR2 00010023753  281125MAITRE FRENKIAN VIRGINIE         COMPTE COURANT   0000000390565H
0730004    00890EUR2 00010023753  011225                                                  0000000390565H
0130004    00170EUR2 00010025126  281125SCI EMPREINTES                   COMPTE COURANT   0000000794399B
0430004000100170EUR2 0001002512601011225  281125CHEQUE N.3533491                 35334910 0000000001010J
0430004000100170EUR2 0001002512601011225  281125CHEQUE N.3533490                 35334900 0000000001465O
0430004081300170EUR2 00010025126B1011225  011225PRLV SEPA/ORANGE SA                     0 0000000000867OFR18ZZZ002305
0530004    00170EUR2 00010025126B1011225     NBEORANGE SA
0530004    00170EUR2 00010025126B1011225     IBEFR18ZZZ002305
0530004    00170EUR2 00010025126B1011225     LCCVOTRE ABONNEMENT FIXE  01XXXXX092 (FACTURE  XXXXX0925I5) - P
0530004    00170EUR2 00010025126B1011225     RCN161351092 613510925I577E
0530004    00170EUR2 00010025126B1011225     RUM  M0020699808                      RCUR
0730004    00170EUR2 00010025126  011225                                                  0000000791055I
0130004    00171EUR2 00010085656  281125** PAS DE MOUVEMENT CE JOUR **                    0000000439295B
0430004009900171EUR2 0001008565630281125  0112252911 N.48901 DE 95SOISY SOUS MO  148901   0000000000600{   N.COM.4409154
0530004    00171EUR2 0001008565630281125     LIB N.COM.4409154012
0430004056800171EUR2 0001008565618011225  011225CPAM DU VAL D OISE               0000000  0000000002340{0000009510040013
0530004    00171EUR2 0001008565618011225     NPYCPAM DU VAL D OISE
0530004    00171EUR2 0001008565618011225     IPY0                                  BICORBEI
0530004    00171EUR2 0001008565618011225     LCC0000009510040013318500251128
0530004    00171EUR2 0001008565618011225     RCN0000009510040013318500251128       PENS
0530004    00171EUR2 0001008565618011225     PDOFR FRANCE
0730004    00171EUR2 00010085656  011225                                                  0000000442235B
0110278    06062EUR2 00020942038  281125SC DIOT INVEST                   COMPTE COURANT   0000000007956I281125021225
0710278    06062EUR2 00020942038  011225                                                  0000000007956I
0130004    00139EUR2 00006258305  281125SC CAE                           COMPTE COURANT   0000000180861E
0730004    00139EUR2 00006258305  011225                                                  0000000180861E
0130004    00171EUR2 00010035422  281125SCI FABRICE                      COMPTE COURANT   0000000038242G
0430004081300171EUR2 00010035422B1011225  011225PRLV SEPA/LOCAM                         0 0000000000246}FR91ZZZ113026
0530004    00171EUR2 00010035422B1011225     NBELOCAM
0530004    00171EUR2 00010035422B1011225     IBEFR91ZZZ113026
0530004    00171EUR2 00010035422B1011225     LCCPRELEVEMENT LOCAM PARTENAIRE DE JDC SA RELOC - DOSSIER 1454014 CONTRAT
0530004    00171EUR2 00010035422B1011225     LC2 TPE DESK 5000 I LOYER DU 30-11-2025
0530004    00171EUR2 00010035422B1011225     RCNLB1454014E08430112025    DOSREML
0530004    00171EUR2 00010035422B1011225     RUMLD145401420180078926               RCUR
0430004056800171EUR2 0001003542218011225  011225MGEN                             0000000  0000000000300{0000009511158643
0530004    00171EUR2 0001003542218011225     NPYMGEN
0530004    00171EUR2 0001003542218011225     IPY0                                  BICORBEI
0530004    00171EUR2 0001003542218011225     LCC0000009511158643286511251125
0530004    00171EUR2 0001003542218011225     RCN0000009511158643286511251125
0530004    00171EUR2 0001003542218011225     PDOFR FRANCE
0430004056800171EUR2 0001003542218011225  011225CPAM DU VAL D OISE               0000000  0000000000300{0000009511158643
0530004    00171EUR2 0001003542218011225     NPYCPAM DU VAL D OISE
0530004    00171EUR2 0001003542218011225     IPY0                                  BICORBEI
0530004    00171EUR2 0001003542218011225     LCC0000009511158643318500251128
0530004    00171EUR2 0001003542218011225     RCN0000009511158643318500251128       PENS
0530004    00171EUR2 0001003542218011225     PDOFR FRANCE
0430004056800171EUR2 0001003542218011225  011225CAMIEG                           0000000  0000000000300{0000009511158643
0530004    00171EUR2 0001003542218011225     NPYCAMIEG
0530004    00171EUR2 0001003542218011225     IPY0                                  BICORBEI
0530004    00171EUR2 0001003542218011225     LCC0000009511158643310021251128
0530004    00171EUR2 0001003542218011225     RCN0000009511158643310021251128       PENS
0530004    00171EUR2 0001003542218011225     PDOFR FRANCE
0430004081300171EUR2 00010035422B1011225  011225PRLV SEPA/CARDIF RETRAITE               0 0000000003000}FR21ZZZ883399
0530004    00171EUR2 00010035422B1011225     NBECARDIF RETRAITE
0530004    00171EUR2 00010035422B1011225     IBEFR21ZZZ883399
0530004    00171EUR2 00010035422B1011225     LCCS 030701117 1125
0530004    00171EUR2 00010035422B1011225     RCNS 030701117 1125273951
0530004    00171EUR2 00010035422B1011225     RUMFR28ZZZ1100862022040605532256CDIF  RCUR
0730004    00171EUR2 00010035422  011225                                                  0000000035896G
0130004    00921EUR2 00023069680  281125L'EPICURIEN                      COMPTE COURANT   0000000136957B
0730004    00921EUR2 00023069680  011225                                                  0000000136957B
0130004    02036EUR2 00010184310  281125SCI DU HANGAR                    COMPTE COURANT   0000001017999}
0430004056802036EUR2 0001018431018011225  011225MHP PREST PLEIADE                0000000  0000000003057F533131200280 PRE
0530004    02036EUR2 0001018431018011225     NPYMHP PREST PLEIADE
0530004    02036EUR2 0001018431018011225     LCCPRESTATIONS PR VOYANCE ASSUR  N  15785483 YEOU ERNEST
0530004    02036EUR2 0001018431018011225     RCN533131200280 PRESTATIONS           SUPP
0530004    02036EUR2 0001018431018011225     PDOFR FRANCE
0730004    02036EUR2 00010184310  011225                                                  0000001014941M
0130004    00292EUR2 00010101994  281125SCI DU HANGAR                    COMPTE COURANT   0000002628766E
0430004081300292EUR2 00010101994B1011225  011225PRLV SEPA/GEODIS D E SEINE-GEOD         0 0000000000791QFR49ZZZ465504
0530004    00292EUR2 00010101994B1011225     NBEGEODIS D E SEINE-GEODIS D E SEINE
0530004    00292EUR2 00010101994B1011225     IBEFR49ZZZ465504
0530004    00292EUR2 00010101994B1011225     LCCPRELEVEMENT
0530004    00292EUR2 00010101994B1011225     RCN0000RLC85235
0530004    00292EUR2 00010101994B1011225     RUM241003T16123183                    RCUR
0430004008400292EUR2 0001010199429011225  01122529/11/25 KKIA AIRPORT SA MY SAB  00000000 0000000002190MAH CARTE 4974XXX
0530004    00292EUR2 0001010199429011225     LIBXXXXX6939 MY 1000MYR   COMMISSION   9 08EUR
0730004    00292EUR2 00010101994  011225                                                  0000002625784C
0130004    00993EUR2 00001438802  281125TREXSO                           COMPTE COURANT   0000000009726B
0730004    00993EUR2 00001438802  011225                                                  0000000009726B
0130004    00297EUR2 00010004213  281125EI SALON INES D                  COMPTE COURANT   0000000337397A
0730004    00297EUR2 00010004213  011225                                                  0000000337397A
0130004    02036EUR2 00010185240  281125PHARMACIE DE L ALISIER           COMPTE COURANT   0000000027984A
0730004    02036EUR2 00010185240  011225                                                  0000000027984A
0130004    01528EUR2 00010074636  281125SARL PROXI SHOP                  COMPTE COURANT   0000000465651G
0430004052901528EUR2 0001007463621011225  011225/MOTIF SALAIRE ER NOV 25 /BEN M         0 0000000063372R
0530004    01528EUR2 0001007463621011225     NBEM EMMANUEL REMANGEON
0530004    01528EUR2 0001007463621011225     LCCSALAIRE ER NOV 25
0730004    01528EUR2 00010074636  011225                                                  0000000402278H
0130004    02036EUR2 00010056855  281125ATELIER 467                      COMPTE COURANT   0000000000000{
0730004    02036EUR2 00010056855  011225                                                  0000000000000{
0130004    00993EUR2 00001435812  281125SC DIOT INVEST                   COMPTE COURANT   0000000050701{
0730004    00993EUR2 00001435812  011225                                                  0000000050701{
0130004    00290EUR2 00010098096  281125CR OPTIQUE                       COMPTE MUTUELLE  0000001007300A
0430004081300290EUR2 00010098096B1011225  011225PRLV SEPA/BOUYGUES TELECOM              0 0000000001503JFR35ZZZ418323
0530004    00290EUR2 00010098096B1011225     NBEBOUYGUES TELECOM
0530004    00290EUR2 00010098096B1011225     IBEFR35ZZZ418323
0530004    00290EUR2 00010098096B1011225     RCN20000762491125
0530004    00290EUR2 00010098096B1011225     RUMBT166000JZH67                      RCUR
0430004008300290EUR2 0001009809628011225  011225DU 261125 VINATIS ANNECY CARTE   00000000 0000000004794}4974XXXXXXXX9022
0730004    00290EUR2 00010098096  011225                                                  0000001001003{
0130004    00954EUR2 00010213945  281125SARL SMOKEY BANH MI              COMPTE COURANT   0000000005885B
0430004009900954EUR2 0001021394530281125  0112252911 N.28053 DE 93MONTREUIL      228053   0000000000034E   N.COM.4159273
0530004    00954EUR2 0001021394530281125     LIB2911 N.28053 DE 93MONTREUIL N.COM.4159273011
0430004009900954EUR2 0001021394530281125  0112252911 N.49008 DE 93MONTREUIL      149008   0000000000327{   N.COM.4159274
0530004    00954EUR2 0001021394530281125     LIB2911 N.49008 DE 93MONTREUIL N.COM.4159274015
0430004009900954EUR2 0001021394530281125  0112253011 N.75924 DE 93MONTREUIL      175924   0000000000494H   N.COM.4159273
0530004    00954EUR2 0001021394530281125     LIB3011 N.75924 DE 93MONTREUIL N.COM.4159273011
0430004009900954EUR2 0001021394530281125  0112252811 N.11509 DE 93MONTREUIL      111509   0000000000996{   N.COM.4159273
0530004    00954EUR2 0001021394530281125     LIB2811 N.11509 DE 93MONTREUIL N.COM.4159273011
0430004009900954EUR2 0001021394530281125  0112252811 N.13210 DE 93MONTREUIL      213210   0000000001737H   N.COM.4159274
0530004    00954EUR2 0001021394530281125     LIB2811 N.13210 DE 93MONTREUIL N.COM.4159274015
0430004009900954EUR2 0001021394530281125  0112253011 N.26599 DE 93MONTREUIL      126599   0000000009377H   N.COM.4159274
0530004    00954EUR2 0001021394530281125     LIB3011 N.26599 DE 93MONTREUIL N.COM.4159274015
0430004009900954EUR2 0001021394530281125  0112253011 N.66386 DE 93MONTREUIL      266386   0000000017943D   N.COM.4159274
0530004    00954EUR2 0001021394530281125     LIB3011 N.66386 DE 93MONTREUIL N.COM.4159274015
0430004009900954EUR2 0001021394530281125  0112252911 N.08109 DE 93MONTREUIL      208109   0000000018261F   N.COM.4159273
0530004    00954EUR2 0001021394530281125     LIB2911 N.08109 DE 93MONTREUIL N.COM.4159273011
0430004009900954EUR2 0001021394530281125  0112252911 N.08150 DE 93MONTREUIL      208150   0000000022023C   N.COM.4159274
0530004    00954EUR2 0001021394530281125     LIB2911 N.08150 DE 93MONTREUIL N.COM.4159274015
0430004009900954EUR2 0001021394530281125  0112253011 N.66396 DE 93MONTREUIL      266396   0000000022087A   N.COM.4159273
0530004    00954EUR2 0001021394530281125     LIB3011 N.66396 DE 93MONTREUIL N.COM.4159273011
0430004081300954EUR2 00010213945B1011225  011225PRLV SEPA/RELAIS D OR ILE DE FR         0 0000000002012RFR29ZZZ805C64
0530004    00954EUR2 00010213945B1011225     NBERELAIS D OR ILE DE FRANCE
0530004    00954EUR2 00010213945B1011225     IBEFR29ZZZ805C64
0530004    00954EUR2 00010213945B1011225     LCCRELAIS D OR ILE DE FRANCE
0530004    00954EUR2 00010213945B1011225     RCN278
0530004    00954EUR2 00010213945B1011225     RUM1107733101ROYALKIDS                RCUR
0430004081300954EUR2 00010213945B1011225  011225PRLV SEPA/CERCLE VERT                   0 0000000002420KFR12CRA503127
0530004    00954EUR2 00010213945B1011225     NBECERCLE VERT
0530004    00954EUR2 00010213945B1011225     IBEFR12CRA503127
0530004    00954EUR2 00010213945B1011225     LCC18456703 18463467
0530004    00954EUR2 00010213945B1011225     RCNP077362
0530004    00954EUR2 00010213945B1011225     RUMCAC693709                          RCUR
0430004081300954EUR2 00010213945B1011225  011225PRLV SEPA/S.A COURTAIS                  0 0000000002890}FR88ZZZ479740
0530004    00954EUR2 00010213945B1011225     NBES.A COURTAIS
0530004    00954EUR2 00010213945B1011225     IBEFR88ZZZ479740
0530004    00954EUR2 00010213945B1011225     LCCPRELEVEMENT FACTURE 25010310 FACTURE CLIENT 04103 OBOJEUX ROYAL KIDS
0530004    00954EUR2 00010213945B1011225     RCNFPRE/251121091700/30112025/8
0530004    00954EUR2 00010213945B1011225     RUM  R799903661------0410300100146    RCUR
0430004009900954EUR2 0001021394530011225  0112250112 N.76387 DE 93MONTREUIL      176387   0000000006659B   N.COM.4159274
0530004    00954EUR2 0001021394530011225     LIB0112 N.76387 DE 93MONTREUIL N.COM.4159274015
0430004081300954EUR2 00010213945B1011225  011225PRLV SEPA/MR NET                        0 0000000011159NFR19CRA503195
0530004    00954EUR2 00010213945B1011225     NBEMR NET
0530004    00954EUR2 00010213945B1011225     IBEFR19CRA503195
0530004    00954EUR2 00010213945B1011225     LCC15160866 15167571
0530004    00954EUR2 00010213945B1011225     RCNP107179
0530004    00954EUR2 00010213945B1011225     RUMCAC693709                          RCUR
0730004    00954EUR2 00010213945  011225                                                  0000000087345A
0130004    00171EUR2 00021524752  281125SARL MM AMENAGEMENT              COMPTE COURANT   0000000251641F
0730004    00171EUR2 00021524752  011225                                                  0000000251641F
0130004    00993EUR2 00010018856  281125AMBULANCES TLS                   COMPTE COURANT   0000000009620E
0430004056800993EUR2 0001001885618011225  011225/REFBEN /ORIG M DIDIER VALLART   0000000  0000000003381H
0530004    00993EUR2 0001001885618011225     NPYM DIDIER VALLART
0530004    00993EUR2 0001001885618011225     LCCENGIE FACTURE ELEC ET GAZ 19 11 25
0530004    00993EUR2 0001001885618011225     RCNZZ1JHV2NU5J0O9UGR
0530004    00993EUR2 0001001885618011225     PDOFR FRANCE
0430004056800993EUR2 0001001885618011225  011225/REFBEN /ORIG M DIDIER VALLART   0000000  0000000019240{
0530004    00993EUR2 0001001885618011225     NPYM DIDIER VALLART
0530004    00993EUR2 0001001885618011225     LCCTAXES FONCIERES 2025 SCI BENOITE RENCUREL
0530004    00993EUR2 0001001885618011225     RCNZZ1JHN8XVQGEYPU99
0530004    00993EUR2 0001001885618011225     PDOFR FRANCE
0730004    00993EUR2 00010018856  011225                                                  0000000032242C
0130004    00171EUR2 00010104672  281125SCI GHTE22600                                     0000000003965P
0730004    00171EUR2 00010104672  011225                                                  0000000003965P
0130004    00890EUR2 00021188093  281125L.I.V.IMMO                       COMPTE COURANT   0000004202799G
0430004052900890EUR2 0002118809321011225  011225/MOTIF PAIENOV25 /BEN GABRIEL M         0 0000000004921J
0530004    00890EUR2 0002118809321011225     NPYCABINET DE RECHERCHE ET D ETUDES DE FINANCEMENTS IMMOBILIERS
0530004    00890EUR2 0002118809321011225     NBEGABRIEL MACHENAUD
0530004    00890EUR2 0002118809321011225     LCCPAIENOV25
0530004    00890EUR2 0002118809321011225     RCNPAIENOV25
0530004    00890EUR2 0002118809321011225     REFPAIENOV25                          PAIENOV25
0530004    00890EUR2 0002118809321011225     CBEFR7613825002000406022266347
0430004052900890EUR2 0002118809321011225  011225/MOTIF PAIENOV25 /BEN FLORENCE          0 0000000009833Q
0530004    00890EUR2 0002118809321011225     NPYCABINET DE RECHERCHE ET D ETUDES DE FINANCEMENTS IMMOBILIERS
0530004    00890EUR2 0002118809321011225     NBEFLORENCE MASQUELET
0530004    00890EUR2 0002118809321011225     LCCPAIENOV25
0530004    00890EUR2 0002118809321011225     RCNPAIENOV25
0530004    00890EUR2 0002118809321011225     REFPAIENOV25                          PAIENOV25
0530004    00890EUR2 0002118809321011225     CBEFR7616806008200990111600173
0430004052900890EUR2 0002118809321011225  011225/MOTIF PAIENOV25 /BEN CHARLYNE          0 0000000012906Q
0530004    00890EUR2 0002118809321011225     NPYCABINET DE RECHERCHE ET D ETUDES DE FINANCEMENTS IMMOBILIERS
0530004    00890EUR2 0002118809321011225     NBECHARLYNE PLANTEY
0530004    00890EUR2 0002118809321011225     LCCPAIENOV25
0530004    00890EUR2 0002118809321011225     RCNPAIENOV25
0530004    00890EUR2 0002118809321011225     REFPAIENOV25                          PAIENOV25
0530004    00890EUR2 0002118809321011225     CBEFR7618206002663540962200188
0430004052900890EUR2 0002118809321011225  011225/MOTIF MAILINGAGENCE /BEN CG CO         0 0000000014515K
0530004    00890EUR2 0002118809321011225     NPYCABINET DE RECHERCHE ET D ETUDES DE FINANCEMENTS IMMOBILIERS
0530004    00890EUR2 0002118809321011225     NBECG COMMUNICATION
0530004    00890EUR2 0002118809321011225     LCCMAILINGAGENCE
0530004    00890EUR2 0002118809321011225     RCNMAILINGAGENCE
0530004    00890EUR2 0002118809321011225     REFMAILINGAGENC                       MAILINGAGENC
0530004    00890EUR2 0002118809321011225     CBEFR7640618804830004037230803
0430004052900890EUR2 0002118809321011225  011225/MOTIF PAIENOV25 /BEN DUPUY /RE         0 0000000016994L
0530004    00890EUR2 0002118809321011225     NPYCABINET DE RECHERCHE ET D ETUDES DE FINANCEMENTS IMMOBILIERS
0530004    00890EUR2 0002118809321011225     NBEDUPUY
0530004    00890EUR2 0002118809321011225     LCCPAIENOV25
0530004    00890EUR2 0002118809321011225     RCNPAIENOV25
0530004    00890EUR2 0002118809321011225     REFPAIENOV25                          PAIENOV25
0530004    00890EUR2 0002118809321011225     CBEFR3530002006040000691923A15
0430004052900890EUR2 0002118809321011225  011225/MOTIF PAIENOV25 /BEN MAILLARD          0 0000000019352P
0530004    00890EUR2 0002118809321011225     NPYCABINET DE RECHERCHE ET D ETUDES DE FINANCEMENTS IMMOBILIERS
0530004    00890EUR2 0002118809321011225     NBEMAILLARD TEDDY
0530004    00890EUR2 0002118809321011225     LCCPAIENOV25
0530004    00890EUR2 0002118809321011225     RCNPAIENOV25
0530004    00890EUR2 0002118809321011225     REFPAIENOV25                          PAIENOV25
0530004    00890EUR2 0002118809321011225     CBEFR9020041010125559437G03368
0430004052900890EUR2 0002118809321011225  011225/MOTIF PAIENOV25 /BEN MOULIN EM         0 0000000042894Q
0530004    00890EUR2 0002118809321011225     NPYCABINET DE RECHERCHE ET D ETUDES DE FINANCEMENTS IMMOBILIERS
0530004    00890EUR2 0002118809321011225     NBEMOULIN EMMANUEL
0530004    00890EUR2 0002118809321011225     LCCPAIENOV25
0530004    00890EUR2 0002118809321011225     RCNPAIENOV25
0530004    00890EUR2 0002118809321011225     REFPAIENOV25                          PAIENOV25
0530004    00890EUR2 0002118809321011225     CBEFR7630004003450000400919547
0730004    00890EUR2 00021188093  011225                                                  0000004081381{
0130004    00369EUR2 00010048264  281125SCI GJMF 2                    SCI GJMF 2          0000000891909B
0730004    00369EUR2 00010048264  011225                                                  0000000891909B
0130004    00993EUR2 00010007172  281125** PAS DE MOUVEMENT CE JOUR **                    0000002976276N
0730004    00993EUR2 00010007172  011225                                                  0000002976276N
0130004    01877EUR2 00010092069  281125M&P                              COMPTE COURANT   0000000286059A
0430004081301877EUR2 00010092069B1011225  011225PRLV SEPA/CARDIF RETRAITE               0 0000000000482}FR21ZZZ883399
0530004    01877EUR2 00010092069B1011225     NBECARDIF RETRAITE
0530004    01877EUR2 00010092069B1011225     IBEFR21ZZZ883399
0530004    01877EUR2 00010092069B1011225     LCCS 009017779 1125
0530004    01877EUR2 00010092069B1011225     RCNS 009017779 1125251479
0530004    01877EUR2 00010092069B1011225     RUM  FR28ZZZ1100862013111800770215CDIFRCUR
0430004056801877EUR2 0001009206918011225  011225MGEN                             0000000  0000000001627B0000007811433003
0530004    01877EUR2 0001009206918011225     NPYMGEN
0530004    01877EUR2 0001009206918011225     IPY0                                  BICORBEI
0530004    01877EUR2 0001009206918011225     LCC0000007811433003286511251125
0530004    01877EUR2 0001009206918011225     RCN0000007811433003286511251125
0530004    01877EUR2 0001009206918011225     PDOFR FRANCE
0430004081301877EUR2 00010092069B1011225  011225PRLV SEPA/VW BANK FRANCE                0 0000000006319PFR51ZZZ487778
0530004    01877EUR2 00010092069B1011225     NBEVW BANK FRANCE
0530004    01877EUR2 00010092069B1011225     IBEFR51ZZZ487778
0530004    01877EUR2 00010092069B1011225     LCC22135858LL22135858LL R062946785
0530004    01877EUR2 00010092069B1011225     RCNEKI416E00629467852025530177093625
0530004    01877EUR2 00010092069B1011225     RUMFSP416E7704020183000001F0099600    RCUR
0430004051101877EUR2 0001009206921011225  161225/MOTIF REGUL /BEN M OLIVIER CAP  00000000 0000000080000}PELE /REFDO /REF
0430004051101877EUR2 0001009206921011225  161225/MOTIF REGUL /BEN M OLIVIER CAP  00000000 0000000150000}PELE /REFDO /REF
0730004    01877EUR2 00010092069  011225                                                  0000000050884F
0130004    02277EUR2 00010043423  281125GROUPE EMON                      COMPTE COURANT   0000000731376B
0730004    02277EUR2 00010043423  011225                                                  0000000731376B
0130004    02036EUR2 00010059845  281125L ABAT JOUR                      COMPTE COURANT   0000000000000{
0730004    02036EUR2 00010059845  011225                                                  0000000000000{
0130004    02414EUR2 00010263597  281125CITY GIRL                        COMPTE COURANT   0000000000000{
0730004    02414EUR2 00010263597  011225                                                  0000000000000{
0130004    00947EUR2 00010059474  281125LA FERME                         COMPTE COURANT   0000001797177A
0430004081300947EUR2 00010059474B1011225  011225PRLV SEPA/ORANGE SA                     0 0000000000552}FR18ZZZ002305
0530004    00947EUR2 00010059474B1011225     NBEORANGE SA
0530004    00947EUR2 00010059474B1011225     IBEFR18ZZZ002305
0530004    00947EUR2 00010059474B1011225     LCCMOBENT - P - FACTURE  92315526 - COMPTE FACT  61626839 - IDENT  263252
0530004    00947EUR2 00010059474B1011225     LC229
0530004    00947EUR2 00010059474B1011225     RCN)61626839 92315526 61 7
0530004    00947EUR2 00010059474B1011225     RUM  24263252290000517886             RCUR
0730004    00947EUR2 00010059474  011225                                                  0000001796625A
0130087    33780EUR2 00020051034  281125PLOMBERIE PLISSON                COMPTE COURANT   0000000023375G281125021225
0430087085533780EUR2 0002005103495281125  281125GDC 300873378000020050501        0050501100000000023375P
0430087023033780EUR2 0002005103491011225  031225APPRO M 03/12/2025 MAG DIJON     0000000000000000007500}
0530087    33780EUR2 0002005103491011225     LIB042091345        PLV000023293
0430087023533780EUR2 0002005103404011225  011225007245808 PLV000023293 28112025  8112025 00000000029050{
0530087    33780EUR2 0002005103404011225     LIB2905 00   B MAGDIJON
0430087023533780EUR2 0002005103404011225  011225007249839 PLV000023293 29112025  9112025 00000000025100{
0530087    33780EUR2 0002005103404011225     LIB2510 00   B MAGDIJON
0430087023533780EUR2 0002005103404011225  011225007253149 PLV000023293 30112025  0112025 00000000003950{
0530087    33780EUR2 0002005103404011225     LIB395 00    B MAGDIJON
0730087    33780EUR2 00020051034  011225                                                  0000000050600{