0110207    00136EUR2 70210172833  021225ARGIOS                           COMPTE COURANT   0000000000208P
0710207    00136EUR2 70210172833  031225                                                  0000000000208P
0110207    00192EUR2 22212720189  021225SAS C G  AUTOMOBILES             COMPTE COURANT   0000000060246D
0710207    00192EUR2 22212720189  031225                                                  0000000060246D
0110207    00136EUR2 70211370047  021225DOCTEUR ANTOINE HUART            COMPTE COURANT   0000000014623{
0710207    00136EUR2 70211370047  031225                                                  0000000014623{