0116958    00001EUR2 68105904277  281125LA FERME                         COMPTE COURANT   0000000056418G
0416958    00001EUR2 6810590427705291125  291125SARL  UNI PBJ SERVICES                    0000000002940{
0516958    00001EUR2 6810590427705291125     LIB20190039564
0716958    00001EUR2 68105904277  291125                                                  0000000059358G
0116958    00001EUR2 62264065865  281125SCI DE L'ATELIER                 COMPTE COURANT   0000000002631{
0416958    00001EUR2 6226406586511291125  291125ALDI FRCUI039                             0000000000583N
0516958    00001EUR2 6226406586511291125     LIBCARTE ***8676
0416958    00001EUR2 6226406586511291125  291125SHELL                                     0000000000300J
0516958    00001EUR2 6226406586511291125     LIBCARTE ***8676
0716958    00001EUR2 62264065865  291125                                                  0000000001747D
0116958    00001EUR2 70066250365  281125ARCI BOETIE                      COMPTE COURANT   0000000142715H
0416958    00001EUR2 7006625036511291125  291125ISLAMARKET                                0000000000900P
0516958    00001EUR2 7006625036511291125     LIBCARTE ***8281
0716958    00001EUR2 70066250365  291125                                                  0000000141815A