0130004    01333EUR2 00010241889  281125EKITE                            CCE EKITE        0000000007500K
0430004005601333EUR2 0001024188975281125  30112501333 61770946                   00000001 0000000022292M
0430004081301333EUR2 00010241889B1011225  011225PRLV SEPA/MAJ                           0 0000000003379PFR55ZZZ396332
0530004    01333EUR2 00010241889B1011225     NBEMAJ
0530004    01333EUR2 00010241889B1011225     IBEFR55ZZZ396332
0530004    01333EUR2 00010241889B1011225     LCC/INV/2504001-207722 25.11.2025/INV/2504001-207737 25.11.2025
0530004    01333EUR2 00010241889B1011225     RCNF00116004203162025
0530004    01333EUR2 00010241889B1011225     RUM07401300040133300010249881         RCUR
0430004056801333EUR2 0001024188918011225  011225CABINET DENTAIRE DE LIANCOURT    0000000  0000000014000{C18V25335L058389
0530004    01333EUR2 0001024188918011225     NPYCABINET DENTAIRE DE LIANCOURT
0530004    01333EUR2 0001024188918011225     LCCLOYER
0530004    01333EUR2 0001024188918011225     RCNC18V25335L058389
0530004    01333EUR2 0001024188918011225     PDOFR FRANCE
0730004    01333EUR2 00010241889  011225                                                  0000000019172L
0130004    01333EUR2 00010183951  281125DOCTEUR AUDREY MARQUET           COMPTE COURANT   0000000084821}
0430004081301333EUR2 00010183951B1011225  011225PRLV SEPA/AD DEVELOPPEMENT              0 0000000005135MFR97ZZZ529921
0530004    01333EUR2 00010183951B1011225     NBEAD DEVELOPPEMENT
0530004    01333EUR2 00010183951B1011225     IBEFR97ZZZ529921
0530004    01333EUR2 00010183951B1011225     LCCFACTURE NUM. 2025-000698
0530004    01333EUR2 00010183951B1011225     RCNADS2811
0530004    01333EUR2 00010183951B1011225     RUMCL-120-2023-000039                 RCUR
0430004052901333EUR2 0001018395121011225  011225/MOTIF REMUNERATION A MARTINE P         0 0000000010000}
0530004    01333EUR2 0001018395121011225     NBEMME MARTINE PICHEREAU
0530004    01333EUR2 0001018395121011225     LCCREMUNERATION A MARTINE PICHEREAU SUR COMPTE BNP PERSO
0730004    01333EUR2 00010183951  011225                                                  0000000099956M
0130004    01485EUR2 00010107199  281125EGV HOLDING                      COMPTE COURANT   0000000335107H
0430004005601485EUR2 0001010719975281125  30112501485 61310688                   00000001 0000000048359P
0430004001201485EUR2 0001010719962281125  011225SUR REMISE C.B. DU 2811 N.41751  00000001 0000000000003M N.COM.473663801
0530004    01485EUR2 0001010719962281125     LIB1
0430004001201485EUR2 0001010719962281125  011225SUR REMISE C.B. DU 2811 N.43364  00000001 0000000000025} N.COM.473663901
0530004    01485EUR2 0001010719962281125     LIB5
0430004001201485EUR2 0001010719962281125  011225SUR REMISE C.B. DU 2911 N.18171  00000001 0000000000036K N.COM.473663801
0530004    01485EUR2 0001010719962281125     LIB1
0430004001201485EUR2 0001010719962281125  011225SUR REMISE C.B. DU 2911 N.20344  00000001 0000000000073R N.COM.473663901
0530004    01485EUR2 0001010719962281125     LIB5
0430004009901485EUR2 0001010719930281125  0112252811 N.41751 DE 60CHANTILLY      141751   0000000000892{   N.COM.4736638
0530004    01485EUR2 0001010719930281125     LIB2811 N.41751 DE 60CHANTILLY N.COM.4736638011
0430004009901485EUR2 0001010719930281125  0112252811 N.43364 DE 60CHANTILLY      243364   0000000005162{   N.COM.4736639
0530004    01485EUR2 0001010719930281125     LIB2811 N.43364 DE 60CHANTILLY N.COM.4736639015
0430004009901485EUR2 0001010719930281125  0112252911 N.18171 DE 60CHANTILLY      118171   0000000008140{   N.COM.4736638
0530004    01485EUR2 0001010719930281125     LIB2911 N.18171 DE 60CHANTILLY N.COM.4736638011
0430004009901485EUR2 0001010719930281125  0112252911 N.20344 DE 60CHANTILLY      220344   0000000013648E   N.COM.4736639
0530004    01485EUR2 0001010719930281125     LIB2911 N.20344 DE 60CHANTILLY N.COM.4736639015
0430004081301485EUR2 00010107199B1011225  011225PRLV SEPA/BMW FINANCE                   0 0000000013502MFR46ZZZ428407
0530004    01485EUR2 00010107199B1011225     NBEBMW FINANCE
0530004    01485EUR2 00010107199B1011225     IBEFR46ZZZ428407
0530004    01485EUR2 00010107199B1011225     LCCACP2427931284/EURL L AVENUE
0530004    01485EUR2 00010107199B1011225     RCN2427931284                         OTHR
0530004    01485EUR2 00010107199B1011225     RUMBMW FINANCE-4055242                RCUR
0730004    01485EUR2 00010107199  011225                                                  0000000300949G
0130004    01333EUR2 00010248122  281125MLLE PODEVIN PASCALE             LA CORVETTE      0000000052495G
0730004    01333EUR2 00010248122  011225                                                  0000000052495G
0130004    01333EUR2 00010244202  281125BC2L IMMOBILIER                  COMPTE COURANT   0000000028682{
0730004    01333EUR2 00010244202  011225                                                  0000000028682{
0130004    01333EUR2 00010253640  281125GV LOGEMENT                      COMPTE COURANT   0000001348149{
0430004009901333EUR2 0001025364030281125  0112252811 N.21890 DE 60SENLIS         121890   0000000000380{   N.COM.4759577
0530004    01333EUR2 0001025364030281125     LIB2811 N.21890 DE 60SENLIS N.COM.4759577014
0430004009901333EUR2 0001025364030281125  0112252811 N.24681 DE 60BEAUVAIS       124681   0000000006985{   N.COM.4998648
0530004    01333EUR2 0001025364030281125     LIB2811 N.24681 DE 60BEAUVAIS N.COM.4998648015
0430004081301333EUR2 00010253640B1011225  011225PRLV SEPA/PREFILOC CAPITAL              0 0000000000346QFR46ZZZ850260
0530004    01333EUR2 00010253640B1011225     NBEPREFILOC CAPITAL
0530004    01333EUR2 00010253640B1011225     IBEFR46ZZZ850260
0530004    01333EUR2 00010253640B1011225     LCCF250857217
0530004    01333EUR2 00010253640B1011225     RCNPREFILOC/T000008538/6830762        OTHR
0530004    01333EUR2 00010253640B1011225     RUMPRE000144758                       RCUR
0430004056801333EUR2 0001025364018011225  011225MSA DE PICARDIE                  0000000  0000000000640E2025112600000060
0530004    01333EUR2 0001025364018011225     NPYMSA DE PICARDIE
0530004    01333EUR2 0001025364018011225     IPY78061123200015                     BICORBEI
0530004    01333EUR2 0001025364018011225     NPOMSA DE PICARDIE
0530004    01333EUR2 0001025364018011225     LCC2025112600000060100273 02601000
0530004    01333EUR2 0001025364018011225     RCN2025112600000060100273 02601000
0530004    01333EUR2 0001025364018011225     PDOFR FRANCE
0430004056801333EUR2 0001025364018011225  011225MGEN                             0000000  0000000001447G0000006010027363
0530004    01333EUR2 0001025364018011225     NPYMGEN
0530004    01333EUR2 0001025364018011225     IPY0                                  BICORBEI
0530004    01333EUR2 0001025364018011225     LCC0000006010027363286511251125
0530004    01333EUR2 0001025364018011225     RCN0000006010027363286511251125
0530004    01333EUR2 0001025364018011225     PDOFR FRANCE
0430004056801333EUR2 0001025364018011225  011225CPAM DE L OISE                   0000000  0000000004641E0000006010027363
0530004    01333EUR2 0001025364018011225     NPYCPAM DE L OISE
0530004    01333EUR2 0001025364018011225     IPY0                                  BICORBEI
0530004    01333EUR2 0001025364018011225     LCC0000006010027363314802251128
0530004    01333EUR2 0001025364018011225     RCN0000006010027363314802251128
0530004    01333EUR2 0001025364018011225     PDOFR FRANCE
0430004056801333EUR2 0001025364018011225  011225COMMISSION MEDICALE D ETABLISSE  0000000  0000000023391F523 220 598 0001
0530004    01333EUR2 0001025364018011225     NPYCOMMISSION MEDICALE D ETABLISSEMENT
0530004    01333EUR2 0001025364018011225     LCCCLINIQUE DU PARC SAINT LAZARE VIRT. DU 26/11/2025
0530004    01333EUR2 0001025364018011225     RCN523 220 598 00016/1062/0012/D4A79B0
0530004    01333EUR2 0001025364018011225     PDOFR FRANCE
0730004    01333EUR2 00010253640  011225                                                  0000001385288E
0130004    01333EUR2 00010030730  281125SCI CAMPUS                       COMPTE COURANT   0000000116014H
0430004005601333EUR2 0001003073075281125  30112501333 61815178                   00000001 0000000001904O
0430004009901333EUR2 0001003073030281125  0112253011 N.44791 DE 60LAMORLAYE      144791   0000000000149D   N.COM.4119097
0530004    01333EUR2 0001003073030281125     LIB3011 N.44791 DE 60LAMORLAYE N.COM.4119097010
0430004009901333EUR2 0001003073030281125  0112252911 N.73391 DE 60LAMORLAYE      173391   0000000000478A   N.COM.4119097
0530004    01333EUR2 0001003073030281125     LIB2911 N.73391 DE 60LAMORLAYE N.COM.4119097010
0430004009901333EUR2 0001003073030281125  0112252811 N.45270 DE 60LAMORLAYE      145270   0000000002434D   N.COM.4060620
0530004    01333EUR2 0001003073030281125     LIB2811 N.45270 DE 60LAMORLAYE N.COM.4060620016
0430004009901333EUR2 0001003073030281125  0112252911 N.25981 DE 60LAMORLAYE      225981   0000000004887D   N.COM.4060620
0530004    01333EUR2 0001003073030281125     LIB2911 N.25981 DE 60LAMORLAYE N.COM.4060620016
0430004056801333EUR2 0001003073018011225  011225MSA DE PICARDIE                  0000000  0000000000207I2025112600000060
0530004    01333EUR2 0001003073018011225     NPYMSA DE PICARDIE
0530004    01333EUR2 0001003073018011225     IPY78061123200015                     BICORBEI
0530004    01333EUR2 0001003073018011225     NPOMSA DE PICARDIE
0530004    01333EUR2 0001003073018011225     LCC2025112600000060260738 02601000
0530004    01333EUR2 0001003073018011225     RCN2025112600000060260738 02601000
0530004    01333EUR2 0001003073018011225     PDOFR FRANCE
0430004005601333EUR2 0001003073075011225  01122501333 61824781                   00000001 0000000003240}
0730004    01333EUR2 00010030730  011225                                                  0000000119027D
0130004    01306EUR2 00010037439  281125CR OPTIQUE                       COMPTE MUTUELLE  0000000016108G
0430004056301306EUR2 00010037439C2281125  291125MLLE DUBOIS CLARA                0000000  0000000005000{VIREMENT DE MLLE
0530004    01306EUR2 00010037439C2281125     NPYMLLE DUBOIS CLARA
0530004    01306EUR2 00010037439C2281125     LCCVIREMENT DE MLLE DUBOIS CLARA
0530004    01306EUR2 00010037439C2281125     RCNVIREMENT DE MLLE DUBOIS CLARA
0530004    01306EUR2 00010037439C2281125     PDOFR FRANCE
0430004008401306EUR2 0001003743929011225  01122529/11/25 19H01 007480 BNP PARIB  00000000 0000000005000}AS CREIL 0004974
0530004    01306EUR2 0001003743929011225     LIBXXXXXXXX8561
0730004    01306EUR2 00010037439  011225                                                  0000000016108G
0130004    00074EUR2 00010298404  281125SARL PROXI SHOP                  COMPTE COURANT   0000000065854C
0430004045100074EUR2 0001029840404281125  28112528/11/25 17H25 0007435           0000000  0000000006000{
0430004009900074EUR2 0001029840430281125  0112252811 N.34143 DE 60CREIL          234143   0000000000097{   N.COM.4039138
0530004    00074EUR2 0001029840430281125     LIB2811 N.34143 DE 60CREIL N.COM.4039138012
0430004009900074EUR2 0001029840430281125  0112252911 N.14614 DE 60CREIL          114614   0000000000144F   N.COM.4039138
0530004    00074EUR2 0001029840430281125     LIB2911 N.14614 DE 60CREIL N.COM.4039138012
0430004009900074EUR2 0001029840430281125  0112253011 N.73217 DE 60CREIL          273217   0000000000241{   N.COM.4039138
0530004    00074EUR2 0001029840430281125     LIB3011 N.73217 DE 60CREIL N.COM.4039138012
0430004009900074EUR2 0001029840430281125  0112252911 N.16925 DE 60CREIL          216925   0000000003679E   N.COM.4039139
0530004    00074EUR2 0001029840430281125     LIB2911 N.16925 DE 60CREIL N.COM.4039139016
0430004009900074EUR2 0001029840430281125  0112253011 N.73223 DE 60CREIL          273223   0000000003866E   N.COM.4039139
0530004    00074EUR2 0001029840430281125     LIB3011 N.73223 DE 60CREIL N.COM.4039139016
0430004009900074EUR2 0001029840430281125  0112252811 N.34271 DE 60CREIL          234271   0000000003999I   N.COM.4039139
0530004    00074EUR2 0001029840430281125     LIB2811 N.34271 DE 60CREIL N.COM.4039139016
0430004008300074EUR2 0001029840428011225  011225DU 291125 MONDIAL AGRO VILLETAN  00000000 0000000001990}EUSE CARTE 4974X
0530004    00074EUR2 0001029840428011225     LIBXXXXXXX5817
0430004081300074EUR2 00010298404B1011225  011225PRLV SEPA/NATIOCREDIMURS                0 0000000004776MFR73ZZZ210447
0530004    00074EUR2 00010298404B1011225     NBENATIOCREDIMURS
0530004    00074EUR2 00010298404B1011225     IBEFR73ZZZ210447
0530004    00074EUR2 00010298404B1011225     NPOBOULANGERIE D.O
0530004    00074EUR2 00010298404B1011225     IPO14309801
0530004    00074EUR2 00010298404B1011225     NBUNATIOCREDIMURS
0530004    00074EUR2 00010298404B1011225     IBU00000018
0530004    00074EUR2 00010298404B1011225     LCCNATIOCREDIMURS /A1Q84247/.1A1Q84247001011225EPU67Y51862 /SIEN180014267
0530004    00074EUR2 00010298404B1011225     LC25 /FLLPX274764
0530004    00074EUR2 00010298404B1011225     RCN.1A1Q84247001011225EPU67Y51862
0530004    00074EUR2 00010298404B1011225     RUMSIEN1800142675                     RCUR
0730004    00074EUR2 00010298404  011225                                                  0000000077116D
0130004    01485EUR2 00010155102  281125L.I.V.IMMO                       COMPTE COURANT   0000000088676B
0430004009901485EUR2 0001015510230281125  0112252811 N.13956 DE 60CHANTILLY      213956   0000000002965C   N.COM.4887015
0530004    01485EUR2 0001015510230281125     LIB2811 N.13956 DE 60CHANTILLY N.COM.4887015016
0430004009901485EUR2 0001015510230281125  0112253011 N.49917 DE 60CHANTILLY      249917   0000000005973F   N.COM.4887014
0530004    01485EUR2 0001015510230281125     LIB3011 N.49917 DE 60CHANTILLY N.COM.4887014012
0430004009901485EUR2 0001015510230281125  0112253011 N.49918 DE 60CHANTILLY      249918   0000000006917H   N.COM.4887015
0530004    01485EUR2 0001015510230281125     LIB3011 N.49918 DE 60CHANTILLY N.COM.4887015016
0430004009901485EUR2 0001015510230281125  0112252811 N.14191 DE 60CHANTILLY      214191   0000000011163H   N.COM.4887014
0530004    01485EUR2 0001015510230281125     LIB2811 N.14191 DE 60CHANTILLY N.COM.4887014012
0430004008501485EUR2 0001015510207011225  301125REG 0112 RELEVE 20165422         00000000 0000000005208O
0430004081301485EUR2 00010155102B1011225  011225PRLV SEPA/HELIUM                        0 0000000000966PFR92ZZZ567647
0530004    01485EUR2 00010155102B1011225     NBEHELIUM
0530004    01485EUR2 00010155102B1011225     IBEFR92ZZZ567647
0530004    01485EUR2 00010155102B1011225     LCCCOTISATIONS-A1531741
0530004    01485EUR2 00010155102B1011225     RCN2511HELCTBO00070196-202511000002
0530004    01485EUR2 00010155102B1011225     RUM00319176                           RCUR
0430004052901485EUR2 0001015510221011225  011225/MOTIF MARCHE DE NOEL CHANTILLY         0 0000000002620}
0530004    01485EUR2 0001015510221011225     NBECOMITE DES FETES CHANTILLY
0530004    01485EUR2 0001015510221011225     LCCMARCHE DE NOEL CHANTILLY
0430004052901485EUR2 0001015510221011225  011225/MOTIF SALAIRE NOVEMBRE 2025 /B         0 0000000009000}
0530004    01485EUR2 0001015510221011225     NBEMADEMOISELLE CHRISTELLE PAQUIEN
0530004    01485EUR2 0001015510221011225     LCCSALAIRE NOVEMBRE 2025
0430004052901485EUR2 0001015510221011225  011225/MOTIF TVA SIREN 850173808 /BEN         0 0000000009410}
0530004    01485EUR2 0001015510221011225     NBEFINANCES PUBLIQUES TVA
0530004    01485EUR2 0001015510221011225     LCCTVA SIREN 850173808
0430004052901485EUR2 0001015510221011225  011225/MOTIF SALAIRE NOVEMBRE 2025 /B         0 0000000010325L
0530004    01485EUR2 0001015510221011225     NBECROTTI JEREMI
0530004    01485EUR2 0001015510221011225     LCCSALAIRE NOVEMBRE 2025
0430004052901485EUR2 0001015510221011225  011225/MOTIF FVT25060664 /BEN VINOVAL         0 0000000018958}
0530004    01485EUR2 0001015510221011225     NBEVINOVALIE
0530004    01485EUR2 0001015510221011225     LCCFVT25060664
0730004    01485EUR2 00010155102  011225                                                  0000000059208A
0130004    01485EUR2 00010169390  281125SENTEURS ET CHARME D ANTAN       COMPTE COURANT   0000000252201G
0430004005601485EUR2 0001016939075281125  30112501485 61259569                   00000001 0000000010319M
0430004009901485EUR2 0001016939030281125  0112253011 N.68539 DE 60MELLO          168539   0000000000308F   N.COM.4212992
0530004    01485EUR2 0001016939030281125     LIB3011 N.68539 DE 60MELLO N.COM.4212992012
0430004009901485EUR2 0001016939030281125  0112252911 N.55573 DE 60MELLO          155573   0000000000423F   N.COM.4212978
0530004    01485EUR2 0001016939030281125     LIB2911 N.55573 DE 60MELLO N.COM.4212978012
0430004009901485EUR2 0001016939030281125  0112252811 N.41927 DE 60MELLO          241927   0000000000957{   N.COM.4212998
0530004    01485EUR2 0001016939030281125     LIB2811 N.41927 DE 60MELLO N.COM.4212998015
0430004009901485EUR2 0001016939030281125  0112253011 N.32598 DE 60MELLO          132598   0000000001140F   N.COM.4300970
0530004    01485EUR2 0001016939030281125     LIB3011 N.32598 DE 60MELLO N.COM.4300970014
0430004009901485EUR2 0001016939030281125  0112253011 N.76502 DE 60MELLO          276502   0000000001641{   N.COM.4212998
0530004    01485EUR2 0001016939030281125     LIB3011 N.76502 DE 60MELLO N.COM.4212998015
0430004009901485EUR2 0001016939030281125  0112253011 N.34961 DE 60MELLO          234961   0000000002252F   N.COM.4212992
0530004    01485EUR2 0001016939030281125     LIB3011 N.34961 DE 60MELLO N.COM.4212992012
0430004009901485EUR2 0001016939030281125  0112252811 N.38549 DE 60MELLO          238549   0000000002310D   N.COM.4300970
0530004    01485EUR2 0001016939030281125     LIB2811 N.38549 DE 60MELLO N.COM.4300970014
0430004009901485EUR2 0001016939030281125  0112253011 N.32613 DE 60MELLO          132613   0000000002616C   N.COM.4300969
0530004    01485EUR2 0001016939030281125     LIB3011 N.32613 DE 60MELLO N.COM.4300969010
0430004009901485EUR2 0001016939030281125  0112253011 N.34971 DE 60MELLO          234971   0000000003211{   N.COM.4212998
0530004    01485EUR2 0001016939030281125     LIB3011 N.34971 DE 60MELLO N.COM.4212998015
0430004009901485EUR2 0001016939030281125  0112252911 N.57568 DE 60MELLO          257568   0000000003959I   N.COM.4212998
0530004    01485EUR2 0001016939030281125     LIB2911 N.57568 DE 60MELLO N.COM.4212998015
0430004009901485EUR2 0001016939030281125  0112252911 N.21985 DE 60MELLO          121985   0000000004452B   N.COM.4212998
0530004    01485EUR2 0001016939030281125     LIB2911 N.21985 DE 60MELLO N.COM.4212998015
0430004009901485EUR2 0001016939030281125  0112252911 N.55662 DE 60MELLO          155662   0000000004604A   N.COM.4212980
0530004    01485EUR2 0001016939030281125     LIB2911 N.55662 DE 60MELLO N.COM.4212980013
0430004009901485EUR2 0001016939030281125  0112253011 N.32573 DE 60MELLO          132573   0000000005779G   N.COM.4212978
0530004    01485EUR2 0001016939030281125     LIB3011 N.32573 DE 60MELLO N.COM.4212978012
0430004009901485EUR2 0001016939030281125  0112252911 N.55769 DE 60MELLO          155769   0000000006111F   N.COM.4300969
0530004    01485EUR2 0001016939030281125     LIB2911 N.55769 DE 60MELLO N.COM.4300969010
0430004009901485EUR2 0001016939030281125  0112252911 N.57419 DE 60MELLO          257419   0000000007771F   N.COM.4300970
0530004    01485EUR2 0001016939030281125     LIB2911 N.57419 DE 60MELLO N.COM.4300970014
0430004009901485EUR2 0001016939030281125  0112253011 N.70930 DE 60MELLO          170930   0000000008057C   N.COM.4300970
0530004    01485EUR2 0001016939030281125     LIB3011 N.70930 DE 60MELLO N.COM.4300970014
0430004009901485EUR2 0001016939030281125  0112252911 N.21067 DE 60MELLO          121067   0000000008988A   N.COM.4300970
0530004    01485EUR2 0001016939030281125     LIB2911 N.21067 DE 60MELLO N.COM.4300970014
0430004009901485EUR2 0001016939030281125  0112253011 N.34989 DE 60MELLO          234989   0000000013517E   N.COM.4212980
0530004    01485EUR2 0001016939030281125     LIB3011 N.34989 DE 60MELLO N.COM.4212980013
0430004008301485EUR2 0001016939028011225  011225DU 281125 SQ *SONNIES CARTE 497  00000000 0000000000353}4XXXXXXXX9114 IR
0530004    01485EUR2 0001016939028011225     LIBL 35 30EUR
0430004081301485EUR2 00010169390B1011225  011225PRLV SEPA/ORANGE SA                     0 0000000000786}FR18ZZZ002305
0530004    01485EUR2 00010169390B1011225     NBEORANGE SA
0530004    01485EUR2 00010169390B1011225     IBEFR18ZZZ002305
0530004    01485EUR2 00010169390B1011225     LCCVOTRE ABONNEMENT FIBRE (FACTURE  XXXXX7805I5) - P
0530004    01485EUR2 00010169390B1011225     RCN3C359B780 C359B7805I559E
0530004    01485EUR2 00010169390B1011225     RUMM0058082822                        RCUR
0430004009901485EUR2 0001016939030011225  0112250112 N.81251 DE 60MELLO          281251   0000000001001F   N.COM.4212998
0530004    01485EUR2 0001016939030011225     LIB0112 N.81251 DE 60MELLO N.COM.4212998015
0430004008301485EUR2 0001016939028011225  011225DU 301125 THE RED BANK RE CARTE  00000000 0000000001063} 4974XXXXXXXX911
0530004    01485EUR2 0001016939028011225     LIB4 IRL 106 30EUR
0430004009901485EUR2 0001016939030011225  0112250112 N.77272 DE 60MELLO          177272   0000000001106B   N.COM.4212978
0530004    01485EUR2 0001016939030011225     LIB0112 N.77272 DE 60MELLO N.COM.4212978012
0430004081301485EUR2 00010169390B1011225  011225PRLV SEPA/METRO FRANCE S.A.S.-M         0 0000000001128LFR17ZZZ452888
0530004    01485EUR2 00010169390B1011225     NBEMETRO FRANCE S.A.S.-METRO FRANCE
0530004    01485EUR2 00010169390B1011225     IBEFR17ZZZ452888
0530004    01485EUR2 00010169390B1011225     LCC/INV/0051.008594
0530004    01485EUR2 00010169390B1011225     RCN03811084862026                     TRAD
0530004    01485EUR2 00010169390B1011225     RUMFRMCC048005507001                  RCUR
0430004009901485EUR2 0001016939030011225  0112250112 N.81217 DE 60MELLO          281217   0000000001889D   N.COM.4300969
0530004    01485EUR2 0001016939030011225     LIB0112 N.81217 DE 60MELLO N.COM.4300969010
0430004009901485EUR2 0001016939030011225  0112250112 N.77231 DE 60MELLO          177231   0000000002103A   N.COM.4300970
0530004    01485EUR2 0001016939030011225     LIB0112 N.77231 DE 60MELLO N.COM.4300970014
0430004081301485EUR2 00010169390B1011225  011225PRLV SEPA/SYSCO FRANCE SAS              0 0000000002851QFR63ZZZ429556
0530004    01485EUR2 00010169390B1011225     NBESYSCO FRANCE SAS
0530004    01485EUR2 00010169390B1011225     IBEFR63ZZZ429556
0530004    01485EUR2 00010169390B1011225     LCC/INV/1252177269 14.11.2025/INV/1252179038 14.11.2025
0530004    01485EUR2 00010169390B1011225     RCN1500686623                         OTHR
0530004    01485EUR2 00010169390B1011225     RUM000000069614                       RCUR
0430004008301485EUR2 0001016939028011225  011225DU 281125 THE LANDMARK HO CARTE  00000000 0000000003490} 4974XXXXXXXX911
0530004    01485EUR2 0001016939028011225     LIB4 IRL 349 00EUR
0430004008301485EUR2 0001016939028011225  011225DU 281125 THE SHED DISTIL CARTE  00000000 0000000003526} 4974XXXXXXXX911
0530004    01485EUR2 0001016939028011225     LIB4 IRL 352 60EUR
0430004009901485EUR2 0001016939030011225  0112250112 N.81254 DE 60MELLO          281254   0000000005105A   N.COM.4212980
0530004    01485EUR2 0001016939030011225     LIB0112 N.81254 DE 60MELLO N.COM.4212980013
0430004051601485EUR2 00010169390C1011225  011225SALAIRE NOVEMBRE 2025            00000000 0000000018000}NOTPROVIDED
0530004    01485EUR2 00010169390C1011225     LCCSALAIRE NOVEMBRE 2025
0530004    01485EUR2 00010169390C1011225     NBEMME BROXIS LEONIE
0530004    01485EUR2 00010169390C1011225     REF192BDD02D4F74A31BDD84F1B04EE155F
0530004    01485EUR2 00010169390C1011225     RCNNOTPROVIDED
0430004051601485EUR2 00010169390C1011225  011225SALAIRE NOVEMBRE 2025            00000000 0000000018000}NOTPROVIDED
0530004    01485EUR2 00010169390C1011225     LCCSALAIRE NOVEMBRE 2025
0530004    01485EUR2 00010169390C1011225     NBEM FLAVIUS DALI
0530004    01485EUR2 00010169390C1011225     REFF12F0654F5EE403090B55C9A31EDAA76
0530004    01485EUR2 00010169390C1011225     RCNNOTPROVIDED
0430004051601485EUR2 00010169390C1011225  011225SALAIRE VOTRE 2025               00000000 0000000019000}NOTPROVIDED
0530004    01485EUR2 00010169390C1011225     LCCSALAIRE VOTRE 2025
0530004    01485EUR2 00010169390C1011225     NBEM DON MADANAYAKE ASANGA
0530004    01485EUR2 00010169390C1011225     REF52EDF73BD65048E7BA974CE3DD831937
0530004    01485EUR2 00010169390C1011225     RCNNOTPROVIDED
0430004051601485EUR2 00010169390C1011225  011225SALAIRE NOVEMBRE 2025            34549780 0000000019000}NOTPROVIDED
0530004    01485EUR2 00010169390C1011225     LCCSALAIRE NOVEMBRE 2025
0530004    01485EUR2 00010169390C1011225     NBEMONSIEUR COFFIGNY NICOLAS
0530004    01485EUR2 00010169390C1011225     REFC21E602683C2411AA08F4525E3454978
0530004    01485EUR2 00010169390C1011225     RCNNOTPROVIDED
0430004051601485EUR2 00010169390C1011225  011225SALAIRE DOLAN 11 2025            00000000 0000000020000}NOTPROVIDED
0530004    01485EUR2 00010169390C1011225     LCCSALAIRE DOLAN 11 2025
0530004    01485EUR2 00010169390C1011225     NBEMSCHWEITZER NICOLAS OU MLE DOLAN ABBI
0530004    01485EUR2 00010169390C1011225     REFAEE393491EE3478B85E46CB1F61F8FB5
0530004    01485EUR2 00010169390C1011225     RCNNOTPROVIDED
0430004051601485EUR2 00010169390C1011225  011225SALAIRE NOVEMBRE 2025            00000000 0000000024000}NOTPROVIDED
0530004    01485EUR2 00010169390C1011225     LCCSALAIRE NOVEMBRE 2025
0530004    01485EUR2 00010169390C1011225     NBEM DOUDOU SAMBE
0530004    01485EUR2 00010169390C1011225     REF52F930384C1944D6A1229F715C48F355
0530004    01485EUR2 00010169390C1011225     RCNNOTPROVIDED
0430004052901485EUR2 0001016939021011225  011225/MOTIF LOYER DECEMBRE 2025 /BEN         0 0000000059563J
0530004    01485EUR2 0001016939021011225     NBESCI DU 42 JOFFRE
0530004    01485EUR2 0001016939021011225     LCCLOYER DECEMBRE 2025
0430004081301485EUR2 00010169390B1011225  011225PRLV SEPA/SAS ROUQUETTE-ROUQUET         0 0000000065761PFR11ZZZ549414
0530004    01485EUR2 00010169390B1011225     NBESAS ROUQUETTE-ROUQUETTE
0530004    01485EUR2 00010169390B1011225     IBEFR11ZZZ549414
0530004    01485EUR2 00010169390B1011225     RCNPRELEVEMENTS CLIENTS DU 28/11 AU 01
0530004    01485EUR2 00010169390B1011225     RUM  51003358M0525                    RCUR
0730004    01485EUR2 00010169390  011225                                                  0000000074667I
0130004    01333EUR2 00010211993  281125AP LESAGE                        COMPTE COURANT   0000000000844{
0730004    01333EUR2 00010211993  011225                                                  0000000000844{
0130004    00568EUR2 00010252543  281125SCI DU FRIEGE                    COMPTE COURANT   0000000190710A
0430004081300568EUR2 00010252543B1011225  011225PRLV SEPA/MSA DE PICARDIE               0 0000000000065QFR29ZZZ560342
0530004    00568EUR2 00010252543B1011225     NBEMSA DE PICARDIE
0530004    00568EUR2 00010252543B1011225     IBEFR29ZZZ560342
0530004    00568EUR2 00010252543B1011225     LCCDSN OCTO 2025
0530004    00568EUR2 00010252543B1011225     RCNOP20251129000263BJDDILGIFKCEN51350S
0530004    00568EUR2 00010252543B1011225     RUMMD24359W800047854                  RCUR
0430004008300568EUR2 0001025254328011225  011225DU 291125 MC DONALD S SENLIS CA  00000000 0000000000348QRTE 4974XXXXXXXX
0530004    00568EUR2 0001025254328011225     LIB2115
0430004008300568EUR2 0001025254328011225  011225DU 281125 SA/YANI VL MOYVILLERS  00000000 0000000000975} CARTE 4974XXXXX
0530004    00568EUR2 0001025254328011225     LIBXXX2115
0430004008300568EUR2 0001025254328011225  011225DU 291125 GL ROSNY ROSNY SOUS B  00000000 0000000001777QO CARTE 4974XXXX
0530004    00568EUR2 0001025254328011225     LIBXXXX2115
0430004008300568EUR2 0001025254328011225  011225DU 291125 LES RECETTES DE ESTRE  00000000 0000000002084LES-SAINT CARTE 4
0530004    00568EUR2 0001025254328011225     LIB974XXXXXXXX2115
0430004008300568EUR2 0001025254328011225  011225DU 301125 LES FOU L ES SM ST MA  00000000 0000000002930NXIMIN CARTE 4974
0530004    00568EUR2 0001025254328011225     LIBXXXXXXXX2115
0430004008300568EUR2 0001025254328011225  011225DU 281125 PLANT-SERVICES CARLEP  00000000 0000000004012LONT CARTE 4974XX
0530004    00568EUR2 0001025254328011225     LIBXXXXXX2115
0730004    00568EUR2 00010252543  011225                                                  0000000178515F
0130004    01333EUR2 00010282606  281125DECOFOR                          DECOFOR S.A.S    0000000005544E
0430004045101333EUR2 0001028260604281125  29112529/11/25 19H11 0133339           0000000  0000000006000{
0430004009901333EUR2 0001028260630281125  0112253011 N.60383 DE 60BARON          260383   0000000002660G   N.COM.4040164
0530004    01333EUR2 0001028260630281125     LIB3011 N.60383 DE 60BARON N.COM.4040164011
0430004009901333EUR2 0001028260630281125  0112253011 N.56824 DE 60BARON          156824   0000000004530I   N.COM.4040165
0530004    01333EUR2 0001028260630281125     LIB3011 N.56824 DE 60BARON N.COM.4040165015
0430004009901333EUR2 0001028260630281125  0112252811 N.11800 DE 60BARON          211800   0000000007163{   N.COM.4040164
0530004    01333EUR2 0001028260630281125     LIB2811 N.11800 DE 60BARON N.COM.4040164011
0430004009901333EUR2 0001028260630281125  0112252811 N.10340 DE 60BARON          110340   0000000009912D   N.COM.4040165
0530004    01333EUR2 0001028260630281125     LIB2811 N.10340 DE 60BARON N.COM.4040165015
0430004009901333EUR2 0001028260630281125  0112252911 N.98500 DE 60BARON          198500   0000000011523I   N.COM.4040165
0530004    01333EUR2 0001028260630281125     LIB2911 N.98500 DE 60BARON N.COM.4040165015
0430004009901333EUR2 0001028260630281125  0112252911 N.00450 DE 60BARON          200450   0000000012533F   N.COM.4040164
0530004    01333EUR2 0001028260630281125     LIB2911 N.00450 DE 60BARON N.COM.4040164011
0430004008501333EUR2 0001028260607011225  301125REG 0112 RELEVE 21363074         00000000 0000000059947R
0430004005601333EUR2 0001028260675011225  01122501333 61822259                   00000001 0000000011469}
0730004    01333EUR2 00010282606  011225                                                  0000000011547R