0130066    10898USD2 00010362012  031225RL DARNA                         COMPTE COURANT   0000000199794{031225041225
0730066    10898USD2 00010362012  041225                                                  0000000199794{
0130066    10132EUR2 00020351040  031225TESSIER CHANTAL                                   0000000095762A031225041225
0730066    10132EUR2 00020351040  041225                                                  0000000095762A
0110278    06041EUR2 00020841076  031225SAS CASTAING                     COMPTE COURANT   0000000974295{031225041225
0410278916206041EUR2 00020841076B1041225  041225PRLV SEPA FREE MOBILE            0000000000000000000489L
0510278    06041EUR2 00020841076B1041225     RIBFR7630004008190001164961261          BNPAFRPPPLZ
0510278    06041EUR2 00020841076B1041225     NOMFREE MOBILE                        AL INFORMATIQUE SERVICE
0510278    06041EUR2 00020841076B1041225     NBEFREE MOBILE
0510278    06041EUR2 00020841076B1041225     IBEFR07ZZZ591778
0510278    06041EUR2 00020841076B1041225     NPYAL INFORMATIQUE SERVICE
0510278    06041EUR2 00020841076B1041225     RCNFMPMT-2311471709
0510278    06041EUR2 00020841076B1041225     RUMFM-33913339-1
0510278    06041EUR2 00020841076B1041225     CPYFR7610278060410002084670116
0410278916206041EUR2 00020841076B1041225  041225PRLV SEPA APPLE DISTRIBUTION IN  0000000000000000027640R
0510278    06041EUR2 00020841076B1041225     RIBIE41CHAS93090379601538               CHASIE4LXXX
0510278    06041EUR2 00020841076B1041225     NOMAPPLE DISTRIBUTION INTERNATIONAL LIA.L INFORMATIQUE SERVICE SARL
0510278    06041EUR2 00020841076B1041225     NBEAPPLE DISTRIBUTION INTERNATIONAL LI CORK
0510278    06041EUR2 00020841076B1041225     IBEGB27RESSDDCHAS00000041160656
0510278    06041EUR2 00020841076B1041225     NPYA.L INFORMATIQUE SERVICE SARL
0510278    06041EUR2 00020841076B1041225     RCN0062180597141726
0510278    06041EUR2 00020841076B1041225     RUM000000001241
0510278    06041EUR2 00020841076B1041225     CPYFR7610278060410002084670116
0410278039006041EUR2 0002084107630041225  051225REMCB00201 NB0002 TPE275474501   0800201 00000000000740{
0410278039006041EUR2 0002084107630041225  051225REMCB00267 NB0001 TPE275474501   0800267 00000000012280{
0410278039006041EUR2 0002084107630041225  051225REMCB00183 NB0001 TPE275600801   0800183 00000000001000{
0410278039006041EUR2 0002084107630041225  081225REMCB01862 NB0001 TPE292294301   0001862 00000000008383{
0410278039706041EUR2 0002084107662041225  051225COMCB00183 NB0001 TPE275600801   0800183100000000000003}
0410278039706041EUR2 0002084107662041225  051225COMCB00267 NB0001 TPE275474501   0800267100000000000036Q
0410278039706041EUR2 0002084107662041225  051225COMCB00201 NB0002 TPE275474501   0800201100000000000002L
0410278039706041EUR2 0002084107662041225  081225COMCB01862 NB0001 TPE292294301   0001862100000000000118O
0410278039006041EUR2 0002084107630041225  051225REMCB00488 NB0003 TPE275600901   0800488 00000000006490{
0410278039006041EUR2 0002084107630041225  051225REMCB00449 NB0001 TPE275600901   0800449 00000000000499{
0410278039706041EUR2 0002084107662041225  051225COMCB00449 NB0001 TPE275600901   0800449100000000000001N
0410278039706041EUR2 0002084107662041225  051225COMCB00488 NB0003 TPE275600901   0800488100000000000019N
0710278    06041EUR2 00020841076  041225                                                  0000000975375A
0130066    10933EUR2 00020051046  031225MLE CLAIRE GUENERIN              COMPTE COURANT   0000000007464}031225041225
0730066    10933EUR2 00020051046  041225                                                  0000000007464}
0110278    06041EUR2 00020891044  031225GEOBATI                          COMPTE COURANT   0000003455490H031225041225
0710278    06041EUR2 00020891044  041225                                                  0000003455490H
0130066    10906EUR2 00020331088  031225PREVENTECH                       COMPTE COURANT   0000000282592E031225041225
0730066    10906EUR2 00020331088  041225                                                  0000000282592E
0110278    06041EUR2 00020851091  031225L'EPICURIEN                      COMPTE COURANT   0000000020971I031225041225
0710278    06041EUR2 00020851091  041225                                                  0000000020971I
0130568    19924EUR2 00053991048  031225POLY                             COMPTE COURANT   0000003307752E031225041225
0730568    19924EUR2 00053991048  041225                                                  0000003307752E
0130066    10920EUR2 00020631018  031225EI SALON INES D                  COMPTE COURANT   0000000417246G031225041225
0430066907810920EUR2 00020631018C2041225  041225VIR INST BAZINVAL                0000000 00000000007765D
0530066    10920EUR2 00020631018C2041225     LIBF20251005
0530066    10920EUR2 00020631018C2041225     NOMBAZINVAL                           BRETON HERVE (EI)
0530066    10920EUR2 00020631018C2041225     NBEBRETON HERVE (EI)
0530066    10920EUR2 00020631018C2041225     NPYBAZINVAL
0530066    10920EUR2 00020631018C2041225     LCCF20251005
0530066    10920EUR2 00020631018C2041225     RCN92AD57E0CDA448CF9B64E527010C6CCE
0430066038110920EUR2 0002063101828041225  041225PAIEMENT CB  0212 MONTIGNY LES   0000000000000000001127}
0530066    10920EUR2 0002063101828041225     LIBCARREFOUR        CARTE 5690
0430066907810920EUR2 00020631018C2041225  041225VIR INST L AGENCE DS             0000000 00000000016290{
0530066    10920EUR2 00020631018C2041225     NOML AGENCE DS                        BRETON HERVE PEGASE SERVICES
0530066    10920EUR2 00020631018C2041225     NBEBRETON HERVE PEGASE SERVICES
0530066    10920EUR2 00020631018C2041225     NPYL AGENCE DS
0530066    10920EUR2 00020631018C2041225     RCNNOVEMBRE 2025
0730066    10920EUR2 00020631018  041225                                                  0000000440175A
0110278    06349EUR2 00020421062  031225GEOBATI                          COMPTE COURANT   0000000916043B031225041225
0710278    06349EUR2 00020421062  041225                                                  0000000916043B
0110096    18026EUR2 00069901081  031225LE MARTELOT BRUNO                                 0000000007600H031225041225
0410096039018026EUR2 0006990108130041225  081225REMCB00579 NB0001 TPE753932401   0800579 00000000000135{
0410096039018026EUR2 0006990108130041225  081225REMCB00602 NB0001 TPE753932401   0800602 00000000001569B
0410096039718026EUR2 0006990108162041225  081225COMCB00602 NB0001 TPE753932401   0800602100000000000006L
0410096039718026EUR2 0006990108162041225  081225COMCB00579 NB0001 TPE753932401   0800579100000000000000N
0410096038118026EUR2 0006990108128041225  041225PAIEMENT CB  0312 GAP            0000000000000000000519O
0510096    18026EUR2 0006990108128041225     LIBMAXI BAZAR       CARTE 3637
0710096    18026EUR2 00069901081  041225                                                  0000000008778F
0130066    10901EUR2 00020401075  031225IMMO'CONSTAT                     COMPTE COURANT   0000000367067C031225041225
0430066930510901EUR2 0002040107518041225  041225VIR SGC MAGNY EN VEXIN           0000000 00000000005999E
0530066    10901EUR2 0002040107518041225     LIB1609501604000002122025-1092
0530066    10901EUR2 0002040107518041225     LIBIQUE FL-881-YXCHANGEMENT DE LA POMP
0530066    10901EUR2 0002040107518041225     NOMSGC MAGNY EN VEXIN                 SUPREME PLAYER
0530066    10901EUR2 0002040107518041225     NBESUPREME PLAYER
0530066    10901EUR2 0002040107518041225     NPYSGC MAGNY EN VEXIN
0530066    10901EUR2 0002040107518041225     NPOCC VEXIN VAL DE SEINE -
0530066    10901EUR2 0002040107518041225     LCCCHANGEMENT DE LA POMPE A EAU ELECTRIQUE FL-881-YXCHANGEMENT DE LA POMP
0530066    10901EUR2 0002040107518041225     LC2E A EAU ELECTRIQUE FL-881-YXCC VEXIN VAL DE SEINE -
0530066    10901EUR2 0002040107518041225     RCN1609501604000002122025-1092
0530066    10901EUR2 0002040107518041225     REF25337-5376-PSR-SCT-01-00731819
0530066    10901EUR2 0002040107518041225     CBEFR7630066109010002040570177
0430066930510901EUR2 0002040107518041225  041225VIR ASP AGENCE COMPTABLE         0000000 00000000004166F
0530066    10901EUR2 0002040107518041225     LIB1D0750000155991526-TEL---044252
0530066    10901EUR2 0002040107518041225     LIBSTERE DU TRAVAIL AIDE UNIQUE APPREN
0530066    10901EUR2 0002040107518041225     NOMASP AGENCE COMPTABLE               SUPREME PLAYER
0530066    10901EUR2 0002040107518041225     NBESUPREME PLAYER
0530066    10901EUR2 0002040107518041225     NPYASP AGENCE COMPTABLE
0530066    10901EUR2 0002040107518041225     NBUSUPREME PLAYER
0530066    10901EUR2 0002040107518041225     LCC155991526 AUEA AUEA04121504220 MINISTERE DU TRAVAIL AIDE UNIQUE APPREN
0530066    10901EUR2 0002040107518041225     LC2TI SUPREME PLAYER
0530066    10901EUR2 0002040107518041225     RCN1D0750000155991526-TEL---0442525432
0530066    10901EUR2 0002040107518041225     CBEFR7630066109010002040570177
0430066916210901EUR2 00020401075B1041225  041225PRLV SEPA GC RE DISTRI2B         0000000000000000003250J
0530066    10901EUR2 00020401075B1041225     LIBSEPA-F-ZR25-0419666
0530066    10901EUR2 00020401075B1041225     RIBFR7617118820080000001873666          GOAAFRP1
0530066    10901EUR2 00020401075B1041225     NOMGC RE DISTRI2B                     SUPREME PLAYER
0530066    10901EUR2 00020401075B1041225     NBEGC RE DISTRI2B
0530066    10901EUR2 00020401075B1041225     IBEDE56ALH00002197951
0530066    10901EUR2 00020401075B1041225     NPYSUPREME PLAYER
0530066    10901EUR2 00020401075B1041225     LCCSEPA-F-ZR25-0419666
0530066    10901EUR2 00020401075B1041225     RCND-004EKWV9MN45
0530066    10901EUR2 00020401075B1041225     REFEUSEPADR-004EKWV9MN45
0530066    10901EUR2 00020401075B1041225     RUM4AJK8VX
0530066    10901EUR2 00020401075B1041225     CPYFR7630066109010002040570177
0430066039010901EUR2 0002040107530041225  081225REMCB00302 NB0001 TPE725557901   0800302 00000000006750G
0430066039010901EUR2 0002040107530041225  081225REMCB00667 NB0005 TPE725557901   0800667 00000000013274{
0430066039710901EUR2 0002040107562041225  081225COMCB00667 NB0005 TPE725557901   0800667100000000000103M
0430066039710901EUR2 0002040107562041225  081225COMCB00302 NB0001 TPE725557901   0800302100000000000054N
0430066907810901EUR2 00020401075C2041225  041225VIR INST M OU MME HADDOUCHE KAM  0000000 00000000003902E
0530066    10901EUR2 00020401075C2041225     LIBVIREMENT DE M OU MME HADDOUCHE
0530066    10901EUR2 00020401075C2041225     LIBL
0530066    10901EUR2 00020401075C2041225     NOMM OU MME HADDOUCHE KAMAL           SUPREME PLAYER
0530066    10901EUR2 00020401075C2041225     NBESUPREME PLAYER
0530066    10901EUR2 00020401075C2041225     NPYM OU MME HADDOUCHE KAMAL
0530066    10901EUR2 00020401075C2041225     LCCVIREMENT DE M OU MME HADDOUCHE KAMAL
0530066    10901EUR2 00020401075C2041225     RCNVIREMENT DE M OU MME HADDOUCHE KAMA
0730066    10901EUR2 00020401075  041225                                                  0000000397752F
0130087    33790EUR2 00020291031  031225CITY GIRL                        COMPTE COURANT   0000000103916I031225041225
0730087    33790EUR2 00020291031  041225                                                  0000000103916I
0130066    10920EUR2 00020221083  031225JOBDOCTOR                     JOBDOCTOR SAS       0000000438405D031225041225
0730066    10920EUR2 00020221083  041225                                                  0000000438405D
0130087    33850EUR2 00021151047  031225JOURDIN STEPHANE                                  0000000039833D031225041225
0730087    33850EUR2 00021151047  041225                                                  0000000039833D
0130027    16006EUR2 00020192007  031225DUMAS JULIETTE                                    0000002527685I031225041225
0430027930516006EUR2 0002019200718041225  041225VIR MR  NICOLAS SIMON            0000000 00000000004950{
0530027    16006EUR2 0002019200718041225     LIBVERTIKA DEV 25 11 9803
0530027    16006EUR2 0002019200718041225     NOMMR  NICOLAS SIMON                  VERTIKA
0530027    16006EUR2 0002019200718041225     NBEVERTIKA
0530027    16006EUR2 0002019200718041225     NPYMR  NICOLAS SIMON
0530027    16006EUR2 0002019200718041225     LCCVERTIKA DEV 25.11.9803
0530027    16006EUR2 0002019200718041225     RCNVERTIKA DEV 25 11 9803
0530027    16006EUR2 0002019200718041225     CBEFR7630027160060002019700273
0730027    16006EUR2 00020192007  041225                                                  0000002532635I
0110278    06347EUR2 00021601086  031225SCI CAMPUS                       COMPTE COURANT   0000000100165F031225041225
0710278    06347EUR2 00021601086  041225                                                  0000000100165F
0130066    10933EUR2 00020061071  031225SCI LES PETITS PRES              COMPTE COURANT   0000000005421}031225041225
0730066    10933EUR2 00020061071  041225                                                  0000000005421}
0110278    06078EUR2 00020251097  031225POYO                             COMPTE COURANT   0000000096408Q031225041225
0410278930506078EUR2 0002025109718041225  041225VIR ALMERYS                      0000000 00000000006887C
0510278    06078EUR2 0002025109718041225     LIB24YN73RYHFVYX
0510278    06078EUR2 0002025109718041225     LIB2664936-0098532001-0173-
0510278    06078EUR2 0002025109718041225     NOMALMERYS                            SARL LYNA OPTIC ATOL
0510278    06078EUR2 0002025109718041225     NBESARL LYNA OPTIC ATOL
0510278    06078EUR2 0002025109718041225     NPYALMERYS
0510278    06078EUR2 0002025109718041225     LCCTP-20251203-ALMERYS TP          -952664936-0098532001-0173-
0510278    06078EUR2 0002025109718041225     RCN24YN73RYHFVYX
0510278    06078EUR2 0002025109718041225     REFALMERYS TP
0510278    06078EUR2 0002025109718041225     CBEFR7610278060780002025790173
0710278    06078EUR2 00020251097  041225                                                  0000000089521N
0130066    10132EUR2 00020161068  031225LA PAUSE DETENTE                 COMPTE COURANT   0000000000005I031225041225
0430066907810132EUR2 00020161068C2041225  041225VIR INST MME LIUBA TCACI         0000000 00000000000700{
0530066    10132EUR2 00020161068C2041225     NOMMME LIUBA TCACI                    PROFILFORM
0530066    10132EUR2 00020161068C2041225     NBEPROFILFORM
0530066    10132EUR2 00020161068C2041225     NPYMME LIUBA TCACI
0530066    10132EUR2 00020161068C2041225     RCNNOTPROVIDED
0730066    10132EUR2 00020161068  041225                                                  0000000000705I
0130087    33700EUR2 00021821055  031225GHTE22600                                         0000000158196{031225041225
0730087    33700EUR2 00021821055  041225                                                  0000000158196{
0130066    11018EUR2 00035472035  031225CR OPTIQUE                       COMPTE MUTUELLE  0000000872519B031225041225
0430066930511018EUR2 0003547203518041225  041225VIR ASP AGENCE COMPTABLE         0000000 00000000004166F
0530066    11018EUR2 0003547203518041225     LIB1D0750000155923834-TEL---044252
0530066    11018EUR2 0003547203518041225     LIBSTERE DU TRAVAIL AIDE UNIQUE APPREN
0530066    11018EUR2 0003547203518041225     NOMASP AGENCE COMPTABLE               AGIRE ARGENTEUIL BEZONS
0530066    11018EUR2 0003547203518041225     NBEAGIRE ARGENTEUIL BEZONS
0530066    11018EUR2 0003547203518041225     NPYASP AGENCE COMPTABLE
0530066    11018EUR2 0003547203518041225     NBUAGIRE ARGENTEUIL BEZONS
0530066    11018EUR2 0003547203518041225     LCC155923834 AUEA AUEA04099035470 MINISTERE DU TRAVAIL AIDE UNIQUE APPREN
0530066    11018EUR2 0003547203518041225     LC2TI AGIRE ARGENTEUIL BEZONS
0530066    11018EUR2 0003547203518041225     RCN1D0750000155923834-TEL---0442525432
0530066    11018EUR2 0003547203518041225     CBEFR7630066110180003547530255
0730066    11018EUR2 00035472035  041225                                                  0000000876685H
0130027    17127EUR2 00020251015  031225SIVASOORIYALINGAM SIVALOGINI     COMPTE COURANT   0000000879478B031225041225
0430027930517127EUR2 0002025101518041225  041225VIR ASP AGENCE COMPTABLE         0000000 00000000012499H
0530027    17127EUR2 0002025101518041225     LIB1D0750000155868210-TEL---044252
0530027    17127EUR2 0002025101518041225     LIBSTERE DU TRAVAIL AIDE UNIQUE APPREN
0530027    17127EUR2 0002025101518041225     NOMASP AGENCE COMPTABLE               MP RESTAURATION
0530027    17127EUR2 0002025101518041225     NBEMP RESTAURATION
0530027    17127EUR2 0002025101518041225     NPYASP AGENCE COMPTABLE
0530027    17127EUR2 0002025101518041225     NBUMP RESTAURATION
0530027    17127EUR2 0002025101518041225     LCC155868210 AUEA AUEA04077676430 MINISTERE DU TRAVAIL AIDE UNIQUE APPREN
0530027    17127EUR2 0002025101518041225     LC2TI MP RESTAURATION
0530027    17127EUR2 0002025101518041225     RCN1D0750000155868210-TEL---0442525432
0530027    17127EUR2 0002025101518041225     CBEFR7630027171270002025510151
0430027930517127EUR2 0002025101518041225  041225VIR PLUXEE FRANCE                0000000 00000000000473E
0530027    17127EUR2 0002025101518041225     LIBSOD-TRD-2018541-30112025
0530027    17127EUR2 0002025101518041225     NOMPLUXEE FRANCE                      L ELEVEN
0530027    17127EUR2 0002025101518041225     NBEL ELEVEN
0530027    17127EUR2 0002025101518041225     NPYPLUXEE FRANCE
0530027    17127EUR2 0002025101518041225     RCNSOD-TRD-2018541-30112025
0530027    17127EUR2 0002025101518041225     REFSOD-TRD-2018541-30112025
0530027    17127EUR2 0002025101518041225     CBEFR7630027171270002025510151
0430027930517127EUR2 0002025101518041225  041225VIR EDENRED FRANCE               0000000 00000000000482A
0530027    17127EUR2 0002025101518041225     LIBVSCT-TX-34687
0530027    17127EUR2 0002025101518041225     NOMEDENRED FRANCE                     SARL MP RESTAURATION
0530027    17127EUR2 0002025101518041225     NBESARL MP RESTAURATION
0530027    17127EUR2 0002025101518041225     NPYEDENRED FRANCE
0530027    17127EUR2 0002025101518041225     LCCERF-TRD-2018541-02122025-1
0530027    17127EUR2 0002025101518041225     RCNVSCT-TX-34687
0530027    17127EUR2 0002025101518041225     CBEFR7630027171270002025510151
0430027039017127EUR2 0002025101530041225  081225REMCB00843 NB0014 TPE716671201   0800843 00000000016944{
0430027039017127EUR2 0002025101530041225  081225REMCB00887 NB0001 TPE718217201   0800887 00000000000739{
0430027039017127EUR2 0002025101530041225  081225REMCB00819 NB0010 TPE716671201   0800819 00000000006435{
0430027039717127EUR2 0002025101562041225  081225COMCB00819 NB0010 TPE716671201   0800819100000000000023Q
0430027039717127EUR2 0002025101562041225  081225COMCB00843 NB0014 TPE716671201   0800843100000000000173L
0430027039717127EUR2 0002025101562041225  081225COMCB00887 NB0001 TPE718217201   0800887100000000000007M
0430027930517127EUR2 0002025101518041225  041225VIR UP COOP                      0000000 00000000000236F
0530027    17127EUR2 0002025101518041225     LIB001DCLTA55F4H
0530027    17127EUR2 0002025101518041225     NOMUP COOP                            SARL MP RESTAURATION
0530027    17127EUR2 0002025101518041225     NBESARL MP RESTAURATION
0530027    17127EUR2 0002025101518041225     NPYUP COOP
0530027    17127EUR2 0002025101518041225     LCCCDJ-TRD-2018541-20251203-04
0530027    17127EUR2 0002025101518041225     RCN001DCLTA55F4H
0530027    17127EUR2 0002025101518041225     REFT253380002910308
0530027    17127EUR2 0002025101518041225     CBEFR7630027171270002025510151
0430027907517127EUR2 00020251015C1041225  041225VIR INST COMPLEMENT SALAIRE WAR  0000000000000000002271K
0530027    17127EUR2 00020251015C1041225     LIBVK53382C8074T101
0730027    17127EUR2 00020251015  041225                                                  0000000914812E
0130066    10105EUR2 00010001031  031225AP LESAGE                        COMPTE COURANT   0000002125560E031225041225
0730066    10105EUR2 00010001031  041225                                                  0000002125560E
0130066    10271EUR2 00020571037  031225MR DAVEAU XAVIER              MR DAVEAU XAVIER    0000000001240F031225041225
0430066039010271EUR2 0002057103730041225  091225REMCB00719 NB0016 TPE600424601   0800719 00000000002934{
0430066039010271EUR2 0002057103730041225  091225REMCB00382 NB0004 TPE600424601   0800382 00000000002049{
0430066039710271EUR2 0002057103762041225  091225COMCB00382 NB0004 TPE600424601   0800382100000000000013M
0430066039710271EUR2 0002057103762041225  091225COMCB00719 NB0016 TPE600424601   0800719100000000000026J
0730066    10271EUR2 00020571037  041225                                                  0000000006184A
0130066    10150EUR2 00020471092  031225L ABAT JOUR                      COMPTE COURANT   0000000070873Q031225041225
0430066038110150EUR2 0002047109228041225  041225PAIEMENT PSC 0212 CERGY          0000000000000000000236}
0530066    10150EUR2 0002047109228041225     LIBBURGER KING CERG CARTE 6885
0730066    10150EUR2 00020471092  041225                                                  0000000071109Q
0130066    10271EUR2 00020741070  031225SAS NOOSA PIZZA   SERVAIS INGRID COMPTE COURANT   0000000026356A031225041225
0730066    10271EUR2 00020741070  041225                                                  0000000026356A
0130087    33850EUR2 00071191082  031225THEMA PLUS SARL               THEMA PLUS SARL     0000001857464A031225041225
0430087901333850EUR2 0007119108206041225  041225VIR BALANCE GROUP                0000000100000000200000}
0530087    33850EUR2 0007119108206041225     LIBC24V25338L015058
0530087    33850EUR2 0007119108206041225     NOMANTANA
0530087    33850EUR2 0007119108206041225     NPYANTANA
0430087916233850EUR2 00071191082B1041225  041225PRLV SEPA KIWI BACKUP            0000000000000000015294K
0530087    33850EUR2 00071191082B1041225     LIBPRLV 15477-ANTANA
0530087    33850EUR2 00071191082B1041225     RIBFR7615135090170800189435418          CEPAFRPP513
0530087    33850EUR2 00071191082B1041225     NOMKIWI BACKUP                        ANTANA
0530087    33850EUR2 00071191082B1041225     NBEKIWI BACKUP                         3 RUE DU SAUVAGE
0530087    33850EUR2 00071191082B1041225     IBEFR83ZZZ480897
0530087    33850EUR2 00071191082B1041225     NPYANTANA
0530087    33850EUR2 00071191082B1041225     LCCPRLV 15477-ANTANA
0530087    33850EUR2 00071191082B1041225     RCN37-15477-ANTANA
0530087    33850EUR2 00071191082B1041225     REFT253300003676439
0530087    33850EUR2 00071191082B1041225     RUMKIWI1774-0ANTANA
0530087    33850EUR2 00071191082B1041225     CPYFR7630087338500007119280164
0430087916333850EUR2 00071191082B2041225  041225PRLV SEPA PLUXEE FRANCE          0000000000000000017220}
0530087    33850EUR2 00071191082B2041225     RIBFR7630003022670002001304961          SOGEFRPPXXX
0530087    33850EUR2 00071191082B2041225     NOMPLUXEE FRANCE                      ANTANA
0530087    33850EUR2 00071191082B2041225     NBEPLUXEE FRANCE                       PARIS
0530087    33850EUR2 00071191082B2041225     IBEFR27ZZZ636135
0530087    33850EUR2 00071191082B2041225     NPYANTANA
0530087    33850EUR2 00071191082B2041225     RCND001623928
0530087    33850EUR2 00071191082B2041225     RUM00031619
0530087    33850EUR2 00071191082B2041225     CPYFR7630087338500007119280164
0430087930533850EUR2 0007119108218041225  041225VIR AQUAPRO-IDF                  0000000 00000000045750{
0530087    33850EUR2 0007119108218041225     LIBFC 2025 1443
0530087    33850EUR2 0007119108218041225     NOMAQUAPRO-IDF                        ANTANA
0530087    33850EUR2 0007119108218041225     NBEANTANA
0530087    33850EUR2 0007119108218041225     NPYAQUAPRO-IDF
0530087    33850EUR2 0007119108218041225     LCCFC 2025 1443
0530087    33850EUR2 0007119108218041225     RCNFC 2025 1443
0530087    33850EUR2 0007119108218041225     CBEFR7630087338500007119280164
0430087930533850EUR2 0007119108218041225  041225VIR BATTISTELLI ET A             0000000 00000000014544{
0530087    33850EUR2 0007119108218041225     LIBFACTURE FC20251781
0530087    33850EUR2 0007119108218041225     NOMBATTISTELLI ET A                   ANTANA
0530087    33850EUR2 0007119108218041225     NBEANTANA
0530087    33850EUR2 0007119108218041225     NPYBATTISTELLI ET A
0530087    33850EUR2 0007119108218041225     LCCFACTURE FC20251781
0530087    33850EUR2 0007119108218041225     RCNFACTURE FC20251781
0530087    33850EUR2 0007119108218041225     REFANTANA
0530087    33850EUR2 0007119108218041225     CBEFR7630087338500007119280164
0430087930533850EUR2 0007119108218041225  041225VIR BEN BURMAN AVOCA             0000000 00000000021474{
0530087    33850EUR2 0007119108218041225     LIBZZ1JIHJ0JYBJFYV78
0530087    33850EUR2 0007119108218041225     LIB-1450 - CONTRAT SEPTEMBRE 2025
0530087    33850EUR2 0007119108218041225     NOMBEN BURMAN AVOCA                   ANTANA
0530087    33850EUR2 0007119108218041225     NBEANTANA
0530087    33850EUR2 0007119108218041225     NPYBEN BURMAN AVOCA
0530087    33850EUR2 0007119108218041225     LCC2025-09-30 - ANTANA FACTURE FC-2025-1450 - CONTRAT SEPTEMBRE 2025
0530087    33850EUR2 0007119108218041225     RCNZZ1JIHJ0JYBJFYV78
0530087    33850EUR2 0007119108218041225     CBEFR7630087338500007119280164
0430087930533850EUR2 0007119108218041225  041225VIR AQUAPRO-IDF                  0000000 00000000043524{
0530087    33850EUR2 0007119108218041225     LIBFC 2025 1698
0530087    33850EUR2 0007119108218041225     NOMAQUAPRO-IDF                        ANTANA
0530087    33850EUR2 0007119108218041225     NBEANTANA
0530087    33850EUR2 0007119108218041225     NPYAQUAPRO-IDF
0530087    33850EUR2 0007119108218041225     LCCFC 2025 1698
0530087    33850EUR2 0007119108218041225     RCNFC 2025 1698
0530087    33850EUR2 0007119108218041225     CBEFR7630087338500007119280164
0430087930533850EUR2 0007119108218041225  041225VIR PLANETE DA                   0000000 00000000010071F
0530087    33850EUR2 0007119108218041225     LIBFC20251841
0530087    33850EUR2 0007119108218041225     LIB2025
0530087    33850EUR2 0007119108218041225     NOMPLANETE DA                         ANTANA
0530087    33850EUR2 0007119108218041225     NBEANTANA
0530087    33850EUR2 0007119108218041225     NPYPLANETE DA
0530087    33850EUR2 0007119108218041225     LCCANTANA CONTRAT NOVEMBRE 2025 24/11/2025
0530087    33850EUR2 0007119108218041225     RCNFC20251841
0530087    33850EUR2 0007119108218041225     REFT253380000108198
0530087    33850EUR2 0007119108218041225     CBEFR7630087338500007119280164
0430087930533850EUR2 0007119108218041225  041225VIR STRIPE TECHNOLOGY EUROPE     0000000 00000000003058B
0530087    33850EUR2 0007119108218041225     LIBST-32YZIKPRV4VM
0530087    33850EUR2 0007119108218041225     NOMSTRIPE TECHNOLOGY EUROPE  LIMITED  ANTANA
0530087    33850EUR2 0007119108218041225     NBEANTANA
0530087    33850EUR2 0007119108218041225     NPYSTRIPE TECHNOLOGY EUROPE  LIMITED
0530087    33850EUR2 0007119108218041225     NPOSTRIPE
0530087    33850EUR2 0007119108218041225     LCCSTRIPE
0530087    33850EUR2 0007119108218041225     RCNST-32YZIKPRV4VM
0530087    33850EUR2 0007119108218041225     CBEFR7630087338500007119280164
0430087907833850EUR2 00071191082C2041225  041225VIR INST GOCARDLESS SAS          0000000 00000000013910D
0530087    33850EUR2 00071191082C2041225     LIBFCANTANA-TEGC56TV2
0530087    33850EUR2 00071191082C2041225     NOMGOCARDLESS SAS                     ANTANA
0530087    33850EUR2 00071191082C2041225     NBEANTANA
0530087    33850EUR2 00071191082C2041225     NPYGOCARDLESS SAS
0530087    33850EUR2 00071191082C2041225     LCCFCANTANA-TEGC56TV2
0530087    33850EUR2 00071191082C2041225     RCNC-0003875HH07X
0430087907833850EUR2 00071191082C2041225  041225VIR INST AVANT SCENE CONSEIL     0000000 00000000002160{
0530087    33850EUR2 00071191082C2041225     LIBFC 2025 1710
0530087    33850EUR2 00071191082C2041225     NOMAVANT SCENE CONSEIL                ANTANA
0530087    33850EUR2 00071191082C2041225     NBEANTANA
0530087    33850EUR2 00071191082C2041225     NPYAVANT SCENE CONSEIL
0530087    33850EUR2 00071191082C2041225     LCCFC 2025 1710
0530087    33850EUR2 00071191082C2041225     RCNSCTINSTOUTVIC ZRH3SNMPVOI2TBEO4A
0730087    33850EUR2 00071191082  041225                                                  0000001779442A
0110278    06012EUR2 00020561087  031225RIK                              COMPTE COURANT   0000000316571G031225041225
0410278099506012EUR2 0002056108799031225  011125SOUTIEN ASSO SPORTIVE/CULTURELL  0000000 00000000000053C
0410278930506012EUR2 0002056108718041225  041225VIR SYCOMORE                     0000000 00000000002700{
0510278    06012EUR2 0002056108718041225     LIBDANSE FIEVET CELIA
0510278    06012EUR2 0002056108718041225     NOMSYCOMORE                           ARTS DANSE ACADEMY HERBLAY
0510278    06012EUR2 0002056108718041225     NBEARTS DANSE ACADEMY HERBLAY
0510278    06012EUR2 0002056108718041225     NPYSYCOMORE
0510278    06012EUR2 0002056108718041225     LCCDANSE FIEVET CELIA
0510278    06012EUR2 0002056108718041225     RCNDANSE FIEVET CELIA
0510278    06012EUR2 0002056108718041225     REFT253370009813000
0510278    06012EUR2 0002056108718041225     CBEFR7610278060120002056780141
0410278930506012EUR2 0002056108718041225  041225VIR CPAM DU VAL D OISE           0000000 00000000000357B
0510278    06012EUR2 0002056108718041225     LIB0323803932000173360195251203
0510278    06012EUR2 0002056108718041225     NOMCPAM DU VAL D OISE                 CONSERVATOIRE MUNIC DANS
0510278    06012EUR2 0002056108718041225     NBECONSERVATOIRE MUNIC DANS
0510278    06012EUR2 0002056108718041225     NPYCPAM DU VAL D OISE
0510278    06012EUR2 0002056108718041225     LCC0323803932000173360195251203
0510278    06012EUR2 0002056108718041225     RCN0323803932000173360195251203
0510278    06012EUR2 0002056108718041225     REFM00272025-12-03-13.03.30.061505
0510278    06012EUR2 0002056108718041225     CBEFR7610278060120002056780141
0410278907806012EUR2 00020561087C2041225  041225VIR INST MLE THEODORE FANNY      0000000 00000000001480{
0510278    06012EUR2 00020561087C2041225     LIBPILATE MARDI
0510278    06012EUR2 00020561087C2041225     NOMMLE THEODORE FANNY                 ARTS DANSE ACADEMY HERBLAY
0510278    06012EUR2 00020561087C2041225     NBEARTS DANSE ACADEMY HERBLAY
0510278    06012EUR2 00020561087C2041225     NPYMLE THEODORE FANNY
0510278    06012EUR2 00020561087C2041225     LCCPILATE MARDI
0510278    06012EUR2 00020561087C2041225     RCNFANNY THEODORE INSCRIPTION
0410278025006012EUR2 0002056108702041225  051225REM CHQ N9766960  REF1027806365  7806365 00000000030851F000030
0410278025006012EUR2 0002056108702041225  051225REM CHQ N9766970  REF1027806365  7806365 00000000028289A000027
0710278    06012EUR2 00020561087  041225                                                  0000000380302I
0130066    11018EUR2 00027471061  031225V2M AVENIR                       COMPTE COURANT   0000015586929B031225041225
0430066930511018EUR2 0002747106118041225  041225VIR ASP AGENCE COMPTABLE         0000000 00000000008333B
0530066    11018EUR2 0002747106118041225     LIB1D0750000155912740-TEL---044252
0530066    11018EUR2 0002747106118041225     LIBSTERE DU TRAVAIL AIDE UNIQUE APPREN
0530066    11018EUR2 0002747106118041225     NOMASP AGENCE COMPTABLE               MISSION LOCALE ARGENTEUI
0530066    11018EUR2 0002747106118041225     NBEMISSION LOCALE ARGENTEUI
0530066    11018EUR2 0002747106118041225     NPYASP AGENCE COMPTABLE
0530066    11018EUR2 0002747106118041225     NBUMISSION LOCALE D ARGENTEUIL BEZONS
0530066    11018EUR2 0002747106118041225     LCC155912740 AUEA AUEA04036333670 MINISTERE DU TRAVAIL AIDE UNIQUE APPREN
0530066    11018EUR2 0002747106118041225     LC2TI MISSION LOCALE D ARGENTEUIL BEZONS
0530066    11018EUR2 0002747106118041225     RCN1D0750000155912740-TEL---0442525432
0530066    11018EUR2 0002747106118041225     CBEFR7630066110180002747160169
0430066930511018EUR2 0002747106118041225  041225VIR ASP AGENCE COMPTABLE         0000000 00000000004166F
0530066    11018EUR2 0002747106118041225     LIB1D0750000155912741-TEL---044252
0530066    11018EUR2 0002747106118041225     LIBSTERE DU TRAVAIL AIDE UNIQUE APPREN
0530066    11018EUR2 0002747106118041225     NOMASP AGENCE COMPTABLE               MISSION LOCALE ARGENTEUI
0530066    11018EUR2 0002747106118041225     NBEMISSION LOCALE ARGENTEUI
0530066    11018EUR2 0002747106118041225     NPYASP AGENCE COMPTABLE
0530066    11018EUR2 0002747106118041225     NBUMISSION LOCALE D ARGENTEUIL BEZONS
0530066    11018EUR2 0002747106118041225     LCC155912741 AUEA AUEA04036333671 MINISTERE DU TRAVAIL AIDE UNIQUE APPREN
0530066    11018EUR2 0002747106118041225     LC2TI MISSION LOCALE D ARGENTEUIL BEZONS
0530066    11018EUR2 0002747106118041225     RCN1D0750000155912741-TEL---0442525432
0530066    11018EUR2 0002747106118041225     CBEFR7630066110180002747160169
0430066038111018EUR2 0002747106128041225  041225PAIEMENT CB  0212 MONDEVILLE     0000000000000000004811}
0530066    11018EUR2 0002747106128041225     LIBCARREFOUR.FR     CARTE 9090
0430066038111018EUR2 0002747106128041225  041225PAIEMENT CB  0212 MONDEVILLE     0000000000000000002825L
0530066    11018EUR2 0002747106128041225     LIBCARREFOUR.FR     CARTE 9090
0430066038111018EUR2 0002747106128041225  041225PAIEMENT CB  0212 MONDEVILLE     0000000000000000003081K
0530066    11018EUR2 0002747106128041225     LIBCARREFOUR.FR     CARTE 9090
0430066038111018EUR2 0002747106128041225  041225PAIEMENT CB  0212 PAYLI2090401/  2090401000000000000099R
0530066    11018EUR2 0002747106128041225     LIBAMAZON EU SARL   CARTE 9090
0730066    11018EUR2 00027471061  041225                                                  0000015588611F
0130066    10271EUR2 00020581011  031225SAVANE & MOUSSON STREET FOOD     COMPTE COURANT   0000000022082{031225041225
0430066039010271EUR2 0002058101130041225  051225REMCB01428 NB0001 TPE600424801   0801428 00000000000198{
0430066039010271EUR2 0002058101130041225  081225REMCB01427 NB0110 TPE600424801   0801427 00000000022973{
0430066039010271EUR2 0002058101130041225  081225REMCB01320 NB0027 TPE600424801   0801320 00000000152787{
0430066039710271EUR2 0002058101162041225  051225COMCB01428 NB0001 TPE600424801   0801428100000000000000O
0430066039710271EUR2 0002058101162041225  081225COMCB01320 NB0027 TPE600424801   0801320100000000000463M
0430066039710271EUR2 0002058101162041225  081225COMCB01427 NB0110 TPE600424801   0801427100000000000068Q
0430066907510271EUR2 00020581011C1041225  041225VIR INST LAB MOBALI              0000000000000000024000}
0530066    10271EUR2 00020581011C1041225     LIBVK53383TVWK5QH01
0730066    10271EUR2 00020581011  041225                                                  0000000173507B
0130027    17127EUR2 00020281091  031225MR CARTON MATTHIEU               COMPTE COURANT   0000000022545{031225041225
0730027    17127EUR2 00020281091  041225                                                  0000000022545{
0130087    33850EUR2 00021161047  031225SCI GHTE22600                                     0000000216922G031225041225
0730087    33850EUR2 00021161047  041225                                                  0000000216922G
0130066    10271EUR2 00020811037  031225RAVIMMO                          COMPTE COURANT   0000000013697H031225041225
0430066930510271EUR2 0002081103718041225  041225VIR ASP AGENCE COMPTABLE         0000000 00000000012499H
0530066    10271EUR2 0002081103718041225     LIB1D0750000155867525-TEL---024069
0530066    10271EUR2 0002081103718041225     LIBSTERE DU TRAVAIL AIDE UNIQUE APPREN
0530066    10271EUR2 0002081103718041225     NOMASP AGENCE COMPTABLE               INAYA BEAUTY
0530066    10271EUR2 0002081103718041225     NBEINAYA BEAUTY
0530066    10271EUR2 0002081103718041225     NPYASP AGENCE COMPTABLE
0530066    10271EUR2 0002081103718041225     NBUINAYA BEAUTY
0530066    10271EUR2 0002081103718041225     LCC155867525 AUEA AUEA04078236760 MINISTERE DU TRAVAIL AIDE UNIQUE APPREN
0530066    10271EUR2 0002081103718041225     LC2TI INAYA BEAUTY
0530066    10271EUR2 0002081103718041225     RCN1D0750000155867525-TEL---0240697836
0530066    10271EUR2 0002081103718041225     CBEFR7630066102710002081730131
0430066039010271EUR2 0002081103730041225  081225REMCB00770 NB0010 TPE726500701   0800770 00000000005272{
0430066039010271EUR2 0002081103730041225  081225REMCB00799 NB0109 TPE726500701   0800799 00000000019848{
0430066039710271EUR2 0002081103762041225  081225COMCB00799 NB0109 TPE726500701   0800799100000000000184O
0430066039710271EUR2 0002081103762041225  081225COMCB00770 NB0010 TPE726500701   0800770100000000000040R
0430066900210271EUR2 0002081103706041225  041225VIR SALAIRE 2025                 0000000000000000014341}
0430066900210271EUR2 0002081103706041225  041225VIR SALAIRE BOINAHERI            0000000000000000015120M
0430066900210271EUR2 0002081103706041225  041225VIR GTF IMMOBILLIERS             0000000000000000020000}
0430066930510271EUR2 0002081103718041225  041225VIR AMEX AMEXSCT805777447304933  7304933 00000000000188{
0530066    10271EUR2 0002081103718041225     LIBAMERICAN EXPRESS/SE8057774473/D
0530066    10271EUR2 0002081103718041225     LIB51203/TR1/GR18.80/DI0.00
0530066    10271EUR2 0002081103718041225     NOMAMERICAN EXPRESS PAYMENTS EUROPE SLINAYA BEAUTY
0530066    10271EUR2 0002081103718041225     NBEINAYA BEAUTY
0530066    10271EUR2 0002081103718041225     NPYAMERICAN EXPRESS PAYMENTS EUROPE SL
0530066    10271EUR2 0002081103718041225     LCCAMERICAN EXPRESS/SE8057774473/DT20251203/TR1/GR18.80/DI0.00
0530066    10271EUR2 0002081103718041225     RCNAMEXSCT80577744730493370859536T32
0530066    10271EUR2 0002081103718041225     CBEFR7630066102710002081730131
0430066930510271EUR2 0002081103718041225  041225VIR CRAZY POUSS                  0000000 00000000006032F
0530066    10271EUR2 0002081103718041225     LIBSCTS251204111635923-65613-05667
0530066    10271EUR2 0002081103718041225     NOMCRAZY POUSS                        CRAZY POUSS
0530066    10271EUR2 0002081103718041225     NBECRAZY POUSS
0530066    10271EUR2 0002081103718041225     NPYCRAZY POUSS
0530066    10271EUR2 0002081103718041225     LCCVIR TRESO NOELSE PAY - 10000065613
0530066    10271EUR2 0002081103718041225     RCNSCTS251204111635923-65613-05667
0530066    10271EUR2 0002081103718041225     REFT253380012940355
0530066    10271EUR2 0002081103718041225     CBEFR7630066102710002081730131
0730066    10271EUR2 00020811037  041225                                                  0000000007851C
0110278    06041EUR2 00020851002  031225DEGRAEVE JULIEN                  COMPTE COURANT   0000000034751{031225041225
0710278    06041EUR2 00020851002  041225                                                  0000000034751{
0130066    10012EUR2 00020051040  031225PHARMACIE DE L ALISIER           COMPTE COURANT   0000000148089F031225041225
0730066    10012EUR2 00020051040  041225                                                  0000000148089F
0130066    10933EUR2 00020051008  031225LA FERME                         COMPTE COURANT   0000000019215D031225041225
0430066930510933EUR2 0002005100818041225  041225VIR ASP AGENCE COMPTABLE         0000000 00000000004166F
0530066    10933EUR2 0002005100818041225     LIB1D0750000155907191-TEL---023106
0530066    10933EUR2 0002005100818041225     LIBSTERE DU TRAVAIL AIDE UNIQUE APPREN
0530066    10933EUR2 0002005100818041225     NOMASP AGENCE COMPTABLE               MEDEC SARL
0530066    10933EUR2 0002005100818041225     NBEMEDEC SARL
0530066    10933EUR2 0002005100818041225     NPYASP AGENCE COMPTABLE
0530066    10933EUR2 0002005100818041225     NBUMEDEC
0530066    10933EUR2 0002005100818041225     LCC155907191 AUEA AUEA04069333980 MINISTERE DU TRAVAIL AIDE UNIQUE APPREN
0530066    10933EUR2 0002005100818041225     LC2TI MEDEC
0530066    10933EUR2 0002005100818041225     RCN1D0750000155907191-TEL---0231062424
0530066    10933EUR2 0002005100818041225     CBEFR7630066109330002005800144
0430066930510933EUR2 0002005100818041225  041225VIR ENGIE S.A.                   0000000 00000000003596A
0530066    10933EUR2 0002005100818041225     LIBD0000049907985 800005403218
0530066    10933EUR2 0002005100818041225     NOMENGIE S.A.                         SOC MEDEC
0530066    10933EUR2 0002005100818041225     NBESOC MEDEC
0530066    10933EUR2 0002005100818041225     NPYENGIE S.A.
0530066    10933EUR2 0002005100818041225     LCC300000505869-800005403218
0530066    10933EUR2 0002005100818041225     RCND0000049907985 800005403218
0530066    10933EUR2 0002005100818041225     CBEFR7630066109330002005800144
0730066    10933EUR2 00020051008  041225                                                  0000000026978A
0130066    10906EUR2 00010525021  031225THOMAS FRUCHART FLEURISTE        COMPTE COURANT   0000000087254I031225041225
0430066907810906EUR2 00010525021C2041225  041225VIR INST MR OU MME PATIN AURELI  0000000 00000000000500{
0530066    10906EUR2 00010525021C2041225     LIBCONSULTATION VIVIEN PATIN
0530066    10906EUR2 00010525021C2041225     NOMMR OU MME PATIN AURELIEN           JACKIE CARDOT
0530066    10906EUR2 00010525021C2041225     NBEJACKIE CARDOT
0530066    10906EUR2 00010525021C2041225     NPYMR OU MME PATIN AURELIEN
0530066    10906EUR2 00010525021C2041225     LCCCONSULTATION VIVIEN PATIN
0530066    10906EUR2 00010525021C2041225     RCNNOT PROVIDED
0730066    10906EUR2 00010525021  041225                                                  0000000087754I
0110278    06075EUR2 00021341065  031225L ABAT JOUR                      COMPTE COURANT   0000000001062N031225041225
0710278    06075EUR2 00021341065  041225                                                  0000000001062N
0130087    33850EUR2 00071196082  031225ATELIER 467                      COMPTE COURANT   0000000162456G031225041225
0430087901333850EUR2 0007119608218041225  041225BALANCE GROUP                    0000000 00000000200000{
0530087    33850EUR2 0007119608218041225     LIBC24V25338L015058
0530087    33850EUR2 0007119608218041225     NOMANTANA
0530087    33850EUR2 0007119608218041225     NPYANTANA
0430087026433850EUR2 0007119608207041225  041225EFFET DOMICILIE   RELEVE 135541  0000000000000000049282L
0730087    33850EUR2 00071196082  041225                                                  0000000313174D
0130066    10301EUR2 00010831099  031225J.C.R                            COMPTE COURANT   0000000054695M031225041225
0730066    10301EUR2 00010831099  041225                                                  0000000054695M
0130066    10963EUR2 00020262054  031225S.C.I. DAM                       COMPTE COURANT   0000001260512B031225041225
0430066900210963EUR2 0002026205406041225  041225VIR FACT F - 2025 - 102 WOTTIER  0000000000000000021600}
0430066930510963EUR2 0002026205418041225  041225VIR VIAMEDIS                     0000000 00000000162000{
0530066    10963EUR2 0002026205418041225     LIBFACTURE N  FF 2511-01458 FOURNI
0530066    10963EUR2 0002026205418041225     NOMVIAMEDIS                           SAS STOWIA
0530066    10963EUR2 0002026205418041225     NBESAS STOWIA
0530066    10963EUR2 0002026205418041225     NPYVIAMEDIS
0530066    10963EUR2 0002026205418041225     RCNFACTURE N  FF 2511-01458 FOURNISSEU
0530066    10963EUR2 0002026205418041225     CBEFR7630066109630002026450218
0430066038110963EUR2 0002026205428041225  041225PAIEMENT CB  0212 MONTPELLIER    0000000000000000000999}
0530066    10963EUR2 0002026205428041225     LIBLE BAR BAR       CARTE 6477
0730066    10963EUR2 00020262054  041225                                                  0000001399913B
0130027    17127EUR2 00020382012  031225SNC LEITE 95                     SNC LEITE 95     0000000395735E031225041225
0430027930517127EUR2 0002038201218041225  041225VIR EDENRED FRANCE               0000000 00000000000715B
0530027    17127EUR2 0002038201218041225     LIBVSCT-TX-46876
0530027    17127EUR2 0002038201218041225     NOMEDENRED FRANCE                     SAS CHAMBARTE
0530027    17127EUR2 0002038201218041225     NBESAS CHAMBARTE
0530027    17127EUR2 0002038201218041225     NPYEDENRED FRANCE
0530027    17127EUR2 0002038201218041225     LCCERF-TRD-0839485-02122025-1
0530027    17127EUR2 0002038201218041225     RCNVSCT-TX-46876
0530027    17127EUR2 0002038201218041225     CBEFR7630027171270002038210264
0430027916217127EUR2 00020382012B1041225  041225PRLV SEPA METRO FRANCE S.A.S.-M  0000000000000000006135L
0530027    17127EUR2 00020382012B1041225     LIB/INV/0062.009395
0530027    17127EUR2 00020382012B1041225     RIBFR7630003041700002019142943          SOGEFRPPXXX
0530027    17127EUR2 00020382012B1041225     NOMMETRO FRANCE S.A.S.-METRO FRANCE   CHAMBARTE
0530027    17127EUR2 00020382012B1041225     NBEMETRO FRANCE S.A.S.-METRO FRANCE    NANTERRE
0530027    17127EUR2 00020382012B1041225     IBEFR17ZZZ452888
0530027    17127EUR2 00020382012B1041225     NPYCHAMBARTE
0530027    17127EUR2 00020382012B1041225     LCC/INV/0062.009395
0530027    17127EUR2 00020382012B1041225     RCN03812032872026
0530027    17127EUR2 00020382012B1041225     REF03812032872026
0530027    17127EUR2 00020382012B1041225     RUMCMR000079070701
0530027    17127EUR2 00020382012B1041225     CPYFR7630027171270002038210264
0430027916217127EUR2 00020382012B1041225  041225PRLV SEPA PASSIONFROID PARIS NO  0000000000000000006608P
0530027    17127EUR2 00020382012B1041225     LIB/INV/8984604727 2.12.2025
0530027    17127EUR2 00020382012B1041225     RIBFR7630004008190001117625261          BNPAFRPPXXX
0530027    17127EUR2 00020382012B1041225     NOMPASSIONFROID PARIS NORD            CHAMBARTE
0530027    17127EUR2 00020382012B1041225     NBEPASSIONFROID PARIS NORD             RUE DU PALMER 4
0530027    17127EUR2 00020382012B1041225     IBEFR74ZZZ316644
0530027    17127EUR2 00020382012B1041225     NPYCHAMBARTE
0530027    17127EUR2 00020382012B1041225     LCC/INV/8984604727 2.12.2025
0530027    17127EUR2 00020382012B1041225     RCN0900201796
0530027    17127EUR2 00020382012B1041225     REF01-007209002017962026
0530027    17127EUR2 00020382012B1041225     RUM000072S000010141
0530027    17127EUR2 00020382012B1041225     CPYFR7630027171270002038210264
0430027039017127EUR2 0002038201230041225  081225REMCB00785 NB0056 TPE719103101   0800785 00000000029397{
0430027039017127EUR2 0002038201230041225  081225REMCB00837 NB0001 TPE719099401   0800837 00000000000480{
0430027039017127EUR2 0002038201230041225  081225REMCB00787 NB0005 TPE719103101   0800787 00000000006718{
0430027039017127EUR2 0002038201230041225  081225REMCB00618 NB0001 TPE719099401   0800618 00000000000644{
0430027039717127EUR2 0002038201262041225  081225COMCB00837 NB0001 TPE719099401   0800837100000000000001P
0430027039717127EUR2 0002038201262041225  081225COMCB00785 NB0056 TPE719103101   0800785100000000000168N
0430027039717127EUR2 0002038201262041225  081225COMCB00787 NB0005 TPE719103101   0800787100000000000035}
0430027039717127EUR2 0002038201262041225  081225COMCB00618 NB0001 TPE719099401   0800618100000000000002L
0430027907517127EUR2 00020382012C1041225  041225VIR INST BAGUETTE M              0000000000000000008639M
0530027    17127EUR2 00020382012C1041225     LIBVK53382DAYTZWY01
0730027    17127EUR2 00020382012  041225                                                  0000000412098H
0130066    10933EUR2 00020142087  031225MR CARTON MATTHIEU               COMPTE COURANT   0000000000000{031225041225
0730066    10933EUR2 00020142087  041225                                                  0000000000000{
0110278    06041EUR2 00021231042  031225TREXSO                           COMPTE COURANT   0000000000315D031225041225
0710278    06041EUR2 00021231042  041225                                                  0000000000315D
0130066    10920EUR2 00020451018  031225DOCTEUR CHRISTOPHE LEFEVRE SELAR                  0000000612652A031225041225
0430066025010920EUR2 0002045101802041225  051225REM CHQ REF10920R06              0000000 00000000022000{000001
0430066907810920EUR2 00020451018C2041225  041225VIR INST E.U.R.L. CMA FINANCE I  0000000 00000000024560{
0530066    10920EUR2 00020451018C2041225     LIBACOMTE C RENOV-TRAVAUX D ISOLAT
0530066    10920EUR2 00020451018C2041225     LIBAGENCE-PEINTURE
0530066    10920EUR2 00020451018C2041225     NOME.U.R.L. CMA FINANCE IMMO CONSEILS CEZ RENOV
0530066    10920EUR2 00020451018C2041225     NBECEZ RENOV
0530066    10920EUR2 00020451018C2041225     NPYE.U.R.L. CMA FINANCE IMMO CONSEILS
0530066    10920EUR2 00020451018C2041225     LCCACOMTE C RENOV-TRAVAUX D ISOLATION AGENCE-PEINTURE
0530066    10920EUR2 00020451018C2041225     RCNNOTPROVIDED
0730066    10920EUR2 00020451018  041225                                                  0000000659212A
0110096    18026EUR2 00073601030  031225MADEMOISELLE LAURENCE CLAUDINE   COMPTE COURANT   0000000009889D031225041225
0410096079918026EUR2 0007360103091031225  031225RB.IMP 11/25 1802673600302       3600302000000000004665Q
0510096    18026EUR2 0007360103091031225     LIB00073600302 AMO
0710096    18026EUR2 00073601030  041225                                                  0000000005223F
0130066    10221EUR2 00020001060  031225BREIZH EXOTIK EPICERIE                            0000000031829D031225041225
0730066    10221EUR2 00020001060  041225                                                  0000000031829D
0110278    06347EUR2 00018070487  031225RL DARNA                         COMPTE COURANT   0000000242700E031225041225
0410278907806347EUR2 00018070487C2041225  041225VIR INST M OU MME KOUASSI ATTEB  0000000 00000000001000{
0510278    06347EUR2 00018070487C2041225     LIBFACTURE
0510278    06347EUR2 00018070487C2041225     NOMM OU MME KOUASSI ATTEBY REGIS MA   ECOLE DE MUSIQUE DE SANNOIS
0510278    06347EUR2 00018070487C2041225     NBEECOLE DE MUSIQUE DE SANNOIS
0510278    06347EUR2 00018070487C2041225     NPYM OU MME KOUASSI ATTEBY REGIS MA
0510278    06347EUR2 00018070487C2041225     LCCFACTURE
0510278    06347EUR2 00018070487C2041225     RCNKOUASSI PRINCESSE
0410278930506347EUR2 0001807048718041225  041225VIR MADAME LEILA CHERFA          0000000 00000000002000{
0510278    06347EUR2 0001807048718041225     LIBZZ1JIIIAQXL7U4UQN
0510278    06347EUR2 0001807048718041225     LIBRI - DECEMBRE 2025 ET JANVIER 2026
0510278    06347EUR2 0001807048718041225     NOMMADAME LEILA CHERFA                ECOLE DE MUSIQUE DE SANNOIS
0510278    06347EUR2 0001807048718041225     NBEECOLE DE MUSIQUE DE SANNOIS
0510278    06347EUR2 0001807048718041225     NPYMADAME LEILA CHERFA
0510278    06347EUR2 0001807048718041225     LCCREGLEMENT INES HOUARI  X  LINA HOUARI - DECEMBRE 2025 ET JANVIER 2026
0510278    06347EUR2 0001807048718041225     RCNZZ1JIIIAQXL7U4UQN
0510278    06347EUR2 0001807048718041225     CBEFR7610278063470001807784070
0410278930506347EUR2 0001807048718041225  041225VIR MR OU MME FRANCOIS XAVIE     0000000 00000000001450{
0510278    06347EUR2 0001807048718041225     LIBDENNER TOMAS FRANCOIS XAVIER
0510278    06347EUR2 0001807048718041225     NOMMR OU MME FRANCOIS XAVIER TOMAS    ECOLE DE MUSIQUE SANNOIS
0510278    06347EUR2 0001807048718041225     NBEECOLE DE MUSIQUE SANNOIS
0510278    06347EUR2 0001807048718041225     NPYMR OU MME FRANCOIS XAVIER TOMAS
0510278    06347EUR2 0001807048718041225     LCCDENNER TOMAS FRANCOIS XAVIER
0510278    06347EUR2 0001807048718041225     RCNDENNER TOMAS FRANCOIS XAVIER
0510278    06347EUR2 0001807048718041225     CBEFR7610278063470001807784070
0710278    06347EUR2 00018070487  041225                                                  0000000247150E
0130066    10933EUR2 00020051056  031225EIRL M ZHANG MARC                COMPTE COURANT   0000000036089Q031225041225
0730066    10933EUR2 00020051056  041225                                                  0000000036089Q
0130027    17127EUR2 00020242091  031225ETABLISSEMENTS LAMY              COMPTE COURANT   0000000089604E031225041225
0730027    17127EUR2 00020242091  041225                                                  0000000089604E
0110278    06041EUR2 00020851012  031225CR OPTIQUE                       COMPTE MUTUELLE  0000000045089G031225041225
0710278    06041EUR2 00020851012  041225                                                  0000000045089G
0130066    10809EUR2 00020421023  031225SNC PERE ET FILS                 COMPTE COURANT   0000000770058C031225041225
0730066    10809EUR2 00020421023  041225                                                  0000000770058C
0130066    10853EUR2 00020251085  031225AU COEUR DES BEBES               COMPTE COURANT   0000000144730C031225041225
0730066    10853EUR2 00020251085  041225                                                  0000000144730C
0110278    06347EUR2 00022131021  031225MS ST FRAMBOURG                  COMPTE COURANT   0000001494903F031225041225
0710278    06347EUR2 00022131021  041225                                                  0000001494903F
0130066    11018EUR2 00035471035  031225PROLIFIK RECORDS              PROLIFIK RECORDS    0000001945431G031225041225
0430066038111018EUR2 0003547103528041225  041225PAIEMENT CB  0312 SAINT CYR-EN-  0000000000000000000401K
0530066    11018EUR2 0003547103528041225     LIBEASYFLYER        CARTE 0942
0430066038111018EUR2 0003547103528041225  041225PAIEMENT CB  0312 KEIZERSGRACHT  0000000000000000000264}
0530066    11018EUR2 0003547103528041225     LIBMOL*FULFILLER    CARTE 0942
0430066038111018EUR2 0003547103528041225  041225PAIEMENT CB  0212 SARCELLES      0000000000000000010320}
0530066    11018EUR2 0003547103528041225     LIBASSOCONNECT      CARTE 0942
0730066    11018EUR2 00035471035  041225                                                  0000001934446E
0110278    06347EUR2 00018070687  031225V2M AVENIR                       COMPTE COURANT   0000001210463H031225041225
0710278    06347EUR2 00018070687  041225                                                  0000001210463H
0130066    10858EUR2 00010261054  031225RIK                              COMPTE COURANT   0000000696725A031225041225
0730066    10858EUR2 00010261054  041225                                                  0000000696725A
0130066    10383EUR2 00020381045  031225SAVANE & MOUSSON STREET FOOD     COMPTE COURANT   0000000294232{031225041225
0430066900210383EUR2 0002038104506041225  041225VIR CENTRALE BENNE FACT11250054  1250054000000000000855}
0430066900210383EUR2 0002038104506041225  041225VIR SALAIRE NOVEMBRE             0000000000000000016998L
0730066    10383EUR2 00020381045  041225                                                  0000000276378G
0130066    10898EUR2 00010361012  031225TECHNIQUES ET NORMES DE COUVERT  COMPTE COURANT   0000000283649{031225041225
0430066033510898EUR2 0001036101223031225  031225REGULARISATION DAI CM FACTORING  0000000100000000000360}
0530066    10898EUR2 0001036101223031225     LIBCC-LVF 11978-19714-00020800001
0730066    10898EUR2 00010361012  041225                                                  0000000283289{
0110278    06078EUR2 00020711040  031225SC AJC CONSEILS                  COMPTE COURANT   0000000010943G031225041225
0410278039006078EUR2 0002071104030041225  051225REMCB00064 NB0001 TPE299226701   0800064 00000000001500{
0410278039706078EUR2 0002071104062041225  051225COMCB00064 NB0001 TPE299226701   0800064100000000000008J
0710278    06078EUR2 00020711040  041225                                                  0000000012435F
0110278    06143EUR2 00020201005  031225SCI DE LA RUE DEZITTER           COMPTE COURANT   0000000077114B031225041225
0410278038106143EUR2 0002020100599041225  031225PAIEMENT CB  0312 MONTIGNY LES   0000000 00000000000456I
0510278    06143EUR2 0002020100599041225     LIBLEROY MERLIN     CARTE 8579
0410278038106143EUR2 0002020100528041225  041225PAIEMENT CB  0312 MONTIGNY LES   0000000000000000000577N
0510278    06143EUR2 0002020100528041225     LIBLEROY MERLIN     CARTE 8579
0710278    06143EUR2 00020201005  041225                                                  0000000076993F
0130066    10061EUR2 00010413056  031225LUCAS OPTIK                      COMPTE MUTUELLE  0000001152423C031225041225
0430066930510061EUR2 0001041305618041225  041225VIR ASP AGENCE COMPTABLE         0000000 00000000004166F
0530066    10061EUR2 0001041305618041225     LIB1D0750000155768857-TEL---024069
0530066    10061EUR2 0001041305618041225     LIBSTERE DU TRAVAIL AIDE UNIQUE APPREN
0530066    10061EUR2 0001041305618041225     NOMASP AGENCE COMPTABLE               ECOLE BIBLIOTHECAIRES DO
0530066    10061EUR2 0001041305618041225     NBEECOLE BIBLIOTHECAIRES DO
0530066    10061EUR2 0001041305618041225     NPYASP AGENCE COMPTABLE
0530066    10061EUR2 0001041305618041225     NBUECOLE BIBLIOTHECAIRES ET DOCUMENTALISTES
0530066    10061EUR2 0001041305618041225     LCC155768857 AUEA AUEA04119574480 MINISTERE DU TRAVAIL AIDE UNIQUE APPREN
0530066    10061EUR2 0001041305618041225     LC2TI ECOLE BIBLIOTHECAIRES ET DOCUMENTALISTES
0530066    10061EUR2 0001041305618041225     RCN1D0750000155768857-TEL---0240697836
0530066    10061EUR2 0001041305618041225     CBEFR7630066100610001041650393
0430066930510061EUR2 0001041305618041225  041225ADHESION ADBS BERTRAND LAGADEC   0000000 00000000000100{
0530066    10061EUR2 0001041305618041225     LIBM BERTRAND LAGADEC
0530066    10061EUR2 0001041305618041225     NOMM BERTRAND LAGADEC                 ECOLE BIBLIOTHECAIRE DOCUMENTALI
0530066    10061EUR2 0001041305618041225     NBEECOLE BIBLIOTHECAIRE DOCUMENTALI
0530066    10061EUR2 0001041305618041225     NPYM BERTRAND LAGADEC
0530066    10061EUR2 0001041305618041225     LCCADHESION ADBS BERTRAND LAGADEC
0530066    10061EUR2 0001041305618041225     RCNVG53372WEKW65E01
0530066    10061EUR2 0001041305618041225     REFVG53372WEKW65E01
0530066    10061EUR2 0001041305618041225     CBEFR7630066100610001041650393
0730066    10061EUR2 00010413056  041225                                                  0000001156689I
0130066    10150EUR2 00020401097  031225SCI DE L'ALISIER                 COMPTE COURANT   0000000045280E031225041225
0430066916210150EUR2 00020401097B1041225  041225PRLV SEPA DGFIP                  0000000000000000004096M
0530066    10150EUR2 00020401097B1041225     RIBFR823000100651A954000000071          BDFEFRPP
0530066    10150EUR2 00020401097B1041225     NOMDGFIP                              AUDE BOURIAUD DECORATION ET DESIGN
0530066    10150EUR2 00020401097B1041225     NBEDGFIP
0530066    10150EUR2 00020401097B1041225     IBEFR60TUR808A2C
0530066    10150EUR2 00020401097B1041225     NPYAUDE BOURIAUD DECORATION ET DESIGN D ESPACE
0530066    10150EUR2 00020401097B1041225     NPORR TURBINE
0530066    10150EUR2 00020401097B1041225     RCN1D0950000FACTURE FCPOR25 1333 CLIEN
0530066    10150EUR2 00020401097B1041225     REF25336-5351-PSR-SDD-CORE-01-00065648
0530066    10150EUR2 00020401097B1041225     RUMAUDEBOURIAUDPOR2412S039
0530066    10150EUR2 00020401097B1041225     CPYFR7630066101500002040790186
0730066    10150EUR2 00020401097  041225                                                  0000000041184A
0130087    33850EUR2 00021522003  031225AGP RENOVATION                   COMPTE COURANT   0000000036807I031225041225
0730087    33850EUR2 00021522003  041225                                                  0000000036807I
0130027    16006EUR2 00020553063  031225EIRL ECO BAT                     COMPTE COURANT   0000000053879B031225041225
0730027    16006EUR2 00020553063  041225                                                  0000000053879B
0130066    10138EUR2 00020101085  031225SCI LES PETITS PRES              COMPTE COURANT   0000000260945I031225041225
0430066916210138EUR2 00020101085B1041225  041225PRLV SEPA EPS                    0000000000000000000422R
0530066    10138EUR2 00020101085B1041225     LIBEPS  REF. 1121304 FACTURE  ECHE
0530066    10138EUR2 00020101085B1041225     LIB 122025 NO S94681709
0530066    10138EUR2 00020101085B1041225     RIBFR7630087330800006836900173          CMCIFRPPXXX
0530066    10138EUR2 00020101085B1041225     NOMEPS                                BMS IMMOBILIER CIORDIA MIKEL
0530066    10138EUR2 00020101085B1041225     NBEEPS
0530066    10138EUR2 00020101085B1041225     IBEFR13ZZZ262161
0530066    10138EUR2 00020101085B1041225     NPYBMS IMMOBILIER CIORDIA MIKEL
0530066    10138EUR2 00020101085B1041225     LCCEPS  REF. 1121304 FACTURE  ECHEANCE 122025 NO S94681709
0530066    10138EUR2 00020101085B1041225     RCN01961-000012208
0530066    10138EUR2 00020101085B1041225     REF01961-000012208
0530066    10138EUR2 00020101085B1041225     RUMS0001121304-S-001
0530066    10138EUR2 00020101085B1041225     CPYFR7630066101380002010580104
0730066    10138EUR2 00020101085  041225                                                  0000000260523{
0130066    10933EUR2 00020051066  031225AUTO MOTO ECOLE TINQUEUX         COMPTE COURANT   0000000007653J031225041225
0730066    10933EUR2 00020051066  041225                                                  0000000007653J
0130066    10105EUR2 00020371042  031225SCI DU FRIEGE                    COMPTE COURANT   0000000003790D031225041225
0730066    10105EUR2 00020371042  041225                                                  0000000003790D
0130066    10920EUR2 00020711079  031225SCI DE LA RUE DEZITTER           COMPTE COURANT   0000000070992B031225041225
0430066930510920EUR2 0002071107918041225  041225VIR CCMO MUTUELLE                0000000 00000000000041B
0530066    10920EUR2 0002071107918041225     LIB956871008/00000000/0020775084
0530066    10920EUR2 0002071107918041225     LIB6871008-0000092070-0115-
0530066    10920EUR2 0002071107918041225     NOMCCMO MUTUELLE                      LLOBET CECILE
0530066    10920EUR2 0002071107918041225     NBELLOBET CECILE
0530066    10920EUR2 0002071107918041225     NPYCCMO MUTUELLE
0530066    10920EUR2 0002071107918041225     LCCTP-20251202-CCMO                -956871008-0000092070-0115-
0530066    10920EUR2 0002071107918041225     RCN956871008/00000000/0020775084
0530066    10920EUR2 0002071107918041225     REF0000119753/003023
0530066    10920EUR2 0002071107918041225     CBEFR7630066109200002071970150
0430066930510920EUR2 0002071107918041225  041225VIR ALMERYS                      0000000 00000000000509{
0530066    10920EUR2 0002071107918041225     LIB7P2745GSXK7O
0530066    10920EUR2 0002071107918041225     LIB6871008-0098532001-0115-
0530066    10920EUR2 0002071107918041225     NOMALMERYS                            LLOBET CECILE
0530066    10920EUR2 0002071107918041225     NBELLOBET CECILE
0530066    10920EUR2 0002071107918041225     NPYALMERYS
0530066    10920EUR2 0002071107918041225     LCCTP-20251202-ALMERYS TP          -956871008-0098532001-0115-
0530066    10920EUR2 0002071107918041225     RCN7P2745GSXK7O
0530066    10920EUR2 0002071107918041225     REFALMERYS TP
0530066    10920EUR2 0002071107918041225     CBEFR7630066109200002071970150
0730066    10920EUR2 00020711079  041225                                                  0000000071542D