0110207    00233EUR2 23219872262  011225THEMA PLUS SARL               THEMA PLUS SARL     0000000860478{
0410207020600233EUR2E2321987226211021225  011225REMISE CB                        0806165000000000042216FBRUT    4 260 00
0510207    00233EUR2 2321987226211021225     LIBBRUT    4 260 00E - COM   38 34E
0510207    00233EUR2 2321987226211021225     LIB                - NB0001/149165
0510207    00233EUR2 2321987226211021225     LIBREMISE CB 5111478010
0410207020600233EUR2E2321987226211021225  011225REMISE CB                        0312958000000000017780DBRUT    1 803 75
0510207    00233EUR2 2321987226211021225     LIBBRUT    1 803 75E - COM   25 71E
0510207    00233EUR2 2321987226211021225     LIB                - NB0003/152958
0510207    00233EUR2 2321987226211021225     LIBREMISE CB 5111479014
0410207020600233EUR2E2321987226211021225  021225REMISE CB                        0807416000000000005078FBRUT      510 00
0510207    00233EUR2 2321987226211021225     LIBBRUT      510 00E - COM    2 14E
0510207    00233EUR2 2321987226211021225     LIB                - NB0001/175416
0510207    00233EUR2 2321987226211021225     LIBREMISE CB 5111478010
0410207020600233EUR2E2321987226211021225  021225REMISE CB                        0171358000000000002696DBRUT      275 00
0510207    00233EUR2 2321987226211021225     LIBBRUT      275 00E - COM    5 36E
0510207    00233EUR2 2321987226211021225     LIB                - NB0001/199358
0510207    00233EUR2 2321987226211021225     LIBREMISE CB 5111480011
0410207056100233EUR2E2321987226204021225  021225VERST AUTOMATE                   6925929000000000009200{REPUBLIQUE DCV.
0510207    00233EUR2 2321987226204021225     LIBREPUBLIQUE DCV.
0510207    00233EUR2 2321987226204021225     LIBGAB 02/12 SAC6925929
0710207    00233EUR2 23219872262  021225                                                  0000000937450{
0118707    00035EUR2 09521723538  011225SCI DC                           COMPTE COURANT   0000001364605H
0418707052400035EUR2E0952172353862021225  011225FRAIS                            0023867000000000000002LXCMIS001 2025120
0518707    00035EUR2 0952172353862021225     LIBXCMIS001 2025120100023867000001
0518707    00035EUR2 0952172353862021225     LIB                I253350000587931
0518707    00035EUR2 0952172353862021225     LIBFR REMISE VIREMENT
0418707052400035EUR2E0952172353862021225  011225FRAIS                            0023868000000000000020PXCMIS001 2025120
0518707    00035EUR2 0952172353862021225     LIBXCMIS001 2025120100023868000001
0518707    00035EUR2 0952172353862021225     LIB9
0518707    00035EUR2 0952172353862021225     LIBFR REMISE VIREMENT
0418707052400035EUR2E0952172353862021225  011225FRAIS                            0023869000000000000011NXCMIS001 2025120
0518707    00035EUR2 0952172353862021225     LIBXCMIS001 2025120100023869000001
0518707    00035EUR2 0952172353862021225     LIB7
0518707    00035EUR2 0952172353862021225     LIBFR REMISE VIREMENT
0418707050500035EUR2E0952172353805021225  021225VIREMENT SEPA                    FGFD4DG100000000014400{F       FAC4977
0518707    00035EUR2 0952172353805021225     LIBFACTURE FAC4977 - T4 2025
0518707    00035EUR2 0952172353805021225     LIBVIREMENT ESSANCIO
0518707    00035EUR2 0952172353805021225     MMOEUR2000000001440000000000000000
0518707    00035EUR2 0952172353805021225     NPYESSANCIO
0518707    00035EUR2 0952172353805021225     NBESAS OZ CONSULTING
0518707    00035EUR2 0952172353805021225     LCCFACTURE FAC4977 - T4 2025
0518707    00035EUR2 0952172353805021225     RCNZZ1JI2I47S1WZVGAG
0418707053700035EUR2E0952172353808021225  021225PRLV SEPA                        0GEZCGS100000000000833KARKEMA SALLE INV
0518707    00035EUR2 0952172353808021225     LIBARKEMA SALLE INVITE AMZN MKTP FR
0518707    00035EUR2 0952172353808021225     LIBNQHYIM3.S9SZ7TFWSMMV5-CDLI1CLR
0518707    00035EUR2 0952172353808021225     LIBPRLV SEPA AMAZON PAYMENT
0418707052300035EUR2E0952172353806021225  021225SEPA INTERNET                    4077298100000000078890}O  C
0518707    00035EUR2 0952172353806021225     LIBOZ CONSULTING
0518707    00035EUR2 0952172353806021225     LIBPROFOR S01199/11/2025 SOLDE OZ C
0518707    00035EUR2 0952172353806021225     LIBVIR PAGED MEBLE SP
0718707    00035EUR2 09521723538  021225                                                  0000001299248A
0110207    00159EUR2 22219159748  011225L'EPICURIEN                      COMPTE COURANT   0000000817197{
0410207052200159EUR2E2221915974806021225  021225EVI PERMANENT                    1138958100000000018000}L
0510207    00159EUR2 2221915974806021225     LIBLOYER MENSUEL ET SVES GENERAUX
0510207    00159EUR2 2221915974806021225     LIBLOYER MENSUEL ET SVES GENERAUX
0510207    00159EUR2 2221915974806021225     LIBEVI SAS ENERPUR ETANCHEI
0410207050500159EUR2E2221915974805021225  021225EUROVIREMENT                     FGFDW5D000000000004510{LA FERME DU VESI
0510207    00159EUR2 2221915974805021225     LIBLA FERME DU VESINET FA1887
0510207    00159EUR2 2221915974805021225     LIBEVI SDC LA FERME DU VESI
0510207    00159EUR2 2221915974805021225     MMOEUR2000000000451000000000000000
0510207    00159EUR2 2221915974805021225     NPYSDC LA FERME DU VESINET 13550
0510207    00159EUR2 2221915974805021225     NBECOUVERTURE BOSQUET
0510207    00159EUR2 2221915974805021225     LCCLA FERME DU VESINET FA1887
0510207    00159EUR2 2221915974805021225     RCNE2E-692CD3EF5A5AA638EBF55825
0410207050500159EUR2E2221915974805021225  021225EUROVIREMENT                     FGFEE3E000000000016320{ECOLE ST ALEXAND
0510207    00159EUR2 2221915974805021225     LIBECOLE ST ALEXANDRE
0510207    00159EUR2 2221915974805021225     LIB   FA1891
0510207    00159EUR2 2221915974805021225     LIBEVI OGEC DE L ECOLE ST A
0510207    00159EUR2 2221915974805021225     MMOEUR2000000001632000000000000000
0510207    00159EUR2 2221915974805021225     NPYOGEC DE L ECOLE ST ALEXANDRE
0510207    00159EUR2 2221915974805021225     NBESARL BOSQUET COUVERTURE
0510207    00159EUR2 2221915974805021225     LCCECOLE ST ALEXANDRE                 FA1891
0510207    00159EUR2 2221915974805021225     RCNVK53361SE3BL7201
0410207052300159EUR2E2221915974806021225  021225EVI OCCAS CYBER                  3612959100000000000549RC1472056
0510207    00159EUR2 2221915974806021225     LIBC1472056
0510207    00159EUR2 2221915974806021225     LIBNDF FB 2025 10
0510207    00159EUR2 2221915974806021225     LIBEVI M. FRANCOIS BAGUET
0410207052300159EUR2E2221915974806021225  021225EVI OCCAS CYBER                  3613020100000000000549RC1472056
0510207    00159EUR2 2221915974806021225     LIBC1472056
0510207    00159EUR2 2221915974806021225     LIBNDF FB 2025 11
0510207    00159EUR2 2221915974806021225     LIBEVI M. FRANCOIS BAGUET
0410207021400159EUR2E2221915974811021225  021225FACTURE CB                       FGUC63Z100000000000019RG      O       I
0510207    00159EUR2 2221915974811021225     LIBGOOGLE ONE     IE DUBLIN
0510207    00159EUR2 2221915974811021225     LIB1 99EUR 1 EURO   1 000000
0510207    00159EUR2 2221915974811021225     LIB301125 CB****1795
0410207021400159EUR2E2221915974811021225  021225FACTURE CB                       FGUC640100000000000320}SC REST. CYGNESF
0510207    00159EUR2 2221915974811021225     LIBSC REST. CYGNESFR ST GRATIEN
0510207    00159EUR2 2221915974811021225     LIB32 00EUR 1 EURO   1 000000
0510207    00159EUR2 2221915974811021225     LIB011225 CB****1795
0410207021400159EUR2E2221915974811021225  021225FACTURE CB                       FGUC641100000000000380}STATTELPAYBYPHOF
0510207    00159EUR2 2221915974811021225     LIBSTATTELPAYBYPHOFR 75PARIS
0510207    00159EUR2 2221915974811021225     LIB38 00EUR 1 EURO   1 000000
0510207    00159EUR2 2221915974811021225     LIB011225 CB****1795
0710207    00159EUR2 22219159748  021225                                                  0000000818207C
0110107    00211EUR2 00014025586  011225** PAS DE MOUVEMENT CE JOUR **                    0000000051705C
0710107    00211EUR2 00014025586  021225                                                  0000000051705C
0110207    00220EUR2 23213326585  011225EMON RESTAURANT DU LAC B         COMPTE COURANT   0000000037228F
0410207052400220EUR2E2321332658562021225  301125FRAIS/COTIS                      0031834000000000000156JXCCNV032 2025113
0510207    00220EUR2 2321332658562021225     LIBXCCNV032 2025113000031834000001
0510207    00220EUR2 2321332658562021225     LIBCONTRAT CNV0056149850
0510207    00220EUR2 2321332658562021225     LIBCOTIS RYTHMEO
0410207053700220EUR2E2321332658508021225  021225EUROPRELEVEMENT                  09YUOBR100000000000039}S     T       -9
0510207    00220EUR2 2321332658508021225     LIBSWILE TRANSFER-94528-8074493
0510207    00220EUR2 2321332658508021225     LIBSWILE-89471248800010-310821
0510207    00220EUR2 2321332658508021225     LIBPRLV SEPA SWILE
0410207020600220EUR2E2321332658511021225  021225REMISE CB                        0496553000000000000181BBRUT       18 20
0510207    00220EUR2 2321332658511021225     LIBBRUT       18 20E - COM    0 08E
0510207    00220EUR2 2321332658511021225     LIB                - NB0003/175553
0510207    00220EUR2 2321332658511021225     LIBREMISE CB 5031496013
0410207020600220EUR2E2321332658511021225  021225REMISE CB                        0497475000000000002627EBRUT      264 19
0510207    00220EUR2 2321332658511021225     LIBBRUT      264 19E - COM    1 44E
0510207    00220EUR2 2321332658511021225     LIB                - NB0064/175475
0510207    00220EUR2 2321332658511021225     LIBREMISE CB 5031496013
0710207    00220EUR2 23213326585  021225                                                  0000000039842B
0110207    00159EUR2 21211275755  011225PAGE STEPHIE DOMINIQUE           COMPTE COURANT   0000016810251B
0410207052300159EUR2E2121127575506021225  021225EVI OCCAS CYBER                  3575160100000000014680}V           S
0510207    00159EUR2 2121127575506021225     LIBVIREMENT DE SAS ENERPUR ETANCHEI
0510207    00159EUR2 2121127575506021225     LIBFE0377 DU 22 AOUT 2025 AUBAGNE
0510207    00159EUR2 2121127575506021225     LIBEVI ECHELLE 84
0410207050500159EUR2E2121127575505021225  021225EUROVIREMENT                     FERTS9I000000000003497FAGENCE DU MARCHE
0510207    00159EUR2 2121127575505021225     LIBAGENCE DU MARCHE SDC RESIDENCE D
0510207    00159EUR2 2121127575505021225     LIBES FLEURS
0510207    00159EUR2 2121127575505021225     LIBEVI SDC 38 AVENUE DU 8 M
0510207    00159EUR2 2121127575505021225     MMOEUR2000000000349760000000000000
0510207    00159EUR2 2121127575505021225     NPYSDC 38 AVENUE DU 8 MAI 1945
0510207    00159EUR2 2121127575505021225     NBEENERPUR ETANCHEITE
0510207    00159EUR2 2121127575505021225     LCCAGENCE DU MARCHE SDC RESIDENCE DES FLEURS
0510207    00159EUR2 2121127575505021225     RCNBQ0100010602202511281733180028
0410207050500159EUR2E2121127575505021225  021225EUROVIREMENT                     FERVZ02000000000324921IA L GESTION SDC
0510207    00159EUR2 2121127575505021225     LIBA L GESTION SDC TALMA ENERPUR TR
0510207    00159EUR2 2121127575505021225     LIBAVAUX REFECTION TOITURES TERRASS
0510207    00159EUR2 2121127575505021225     LIBEVI SDC 12 IMPASSE TALMA
0510207    00159EUR2 2121127575505021225     MMOEUR2000000032492190000000000000
0510207    00159EUR2 2121127575505021225     NPYSDC 12 IMPASSE TALMA
0510207    00159EUR2 2121127575505021225     NBEENERPUR
0510207    00159EUR2 2121127575505021225     LCCA L GESTION SDC TALMA ENERPUR TRAVAUX REFECTION TOITURES TERRASSES FB2
0510207    00159EUR2 2121127575505021225     LC2A L GESTION SDC TALMA ENERPUR TRAVAUX REFECTION TOITURES TERRASSES FB2
0510207    00159EUR2 2121127575505021225     RCN232274195
0410207051000159EUR2E2121127575505021225  021225EUROVIRT RECU                    KTRW2LP000000000018000{L
0510207    00159EUR2 2121127575505021225     LIBLOYER MENSUEL ET SVES GENERAUX
0510207    00159EUR2 2121127575505021225     LIBLOYER MENSUEL ET SVES GENERAUX
0510207    00159EUR2 2121127575505021225     LIBEVI SARL BOSQUET COUVERT
0410207052500159EUR2E2121127575562021225  301125FRAIS/COTIS                      0002254000000000000321OXCPSD031 2025113
0510207    00159EUR2 2121127575562021225     LIBXCPSD031 2025113000002254000001
0510207    00159EUR2 2121127575562021225     LIBABON TELETRANSMISSION
0410207053700159EUR2E2121127575508021225  021225EUROPRELEVEMENT                  09YHDDO100000000037311}CNRO 71080466.67
0510207    00159EUR2 2121127575508021225     LIBCNRO 71080466.6762188 DU 301125
0510207    00159EUR2 2121127575508021225     LIB  1E000153282L
0510207    00159EUR2 2121127575508021225     LIBPRLV SEPA PROBTP ADP-ASS
0410207052300159EUR2E2121127575506021225  021225EVI OCCAS CYBER                  3591571100000000018443JP             20
0510207    00159EUR2 2121127575506021225     LIBPAIE NOVEMBRE 2025
0510207    00159EUR2 2121127575506021225     LIBPAIE NOVEMBRE 2025
0510207    00159EUR2 2121127575506021225     LIBEVI AUGUSTE JB
0410207052300159EUR2E2121127575506021225  021225EVI OCCAS CYBER                  3591676100000000017407}P             20
0510207    00159EUR2 2121127575506021225     LIBPAIE NOVEMBRE 2025
0510207    00159EUR2 2121127575506021225     LIBPAIE NOVEMBRE 2025
0510207    00159EUR2 2121127575506021225     LIBEVI BOESCH OLIVIER
0410207052300159EUR2E2121127575506021225  021225EVI OCCAS CYBER                  3592280100000000020756PP             20
0510207    00159EUR2 2121127575506021225     LIBPAIE NOVEMBRE 2025
0510207    00159EUR2 2121127575506021225     LIBPAIE NOVEMBRE 2025
0510207    00159EUR2 2121127575506021225     LIBEVI BRETELLE SYLVAIN
0410207052300159EUR2E2121127575506021225  021225EVI OCCAS CYBER                  3592431100000000017659PP             20
0510207    00159EUR2 2121127575506021225     LIBPAIE NOVEMBRE 2025
0510207    00159EUR2 2121127575506021225     LIBPAIE NOVEMBRE 2025
0510207    00159EUR2 2121127575506021225     LIBEVI CISSE YAMADOU
0410207052300159EUR2E2121127575506021225  021225EVI OCCAS CYBER                  3592707100000000014556MP             20
0510207    00159EUR2 2121127575506021225     LIBPAIE NOVEMBRE 2025
0510207    00159EUR2 2121127575506021225     LIBPAIE NOVEMBRE 2025
0510207    00159EUR2 2121127575506021225     LIBEVI DE AMORIM JULIEN
0410207052300159EUR2E2121127575506021225  021225EVI OCCAS CYBER                  3592794100000000011786LP             20
0510207    00159EUR2 2121127575506021225     LIBPAIE NOVEMBRE 2025
0510207    00159EUR2 2121127575506021225     LIBPAIE NOVEMBRE 2025
0510207    00159EUR2 2121127575506021225     LIBEVI FONSECA SANTOS JOVAN
0410207052300159EUR2E2121127575506021225  021225EVI OCCAS CYBER                  3592946100000000014055KP             20
0510207    00159EUR2 2121127575506021225     LIBPAIE NOVEMBRE 2025
0510207    00159EUR2 2121127575506021225     LIBPAIE NOVEMBRE 2025
0510207    00159EUR2 2121127575506021225     LIBEVI GUIDIALA WALI
0410207052300159EUR2E2121127575506021225  021225EVI OCCAS CYBER                  3592992100000000020707OP             20
0510207    00159EUR2 2121127575506021225     LIBPAIE NOVEMBRE 2025
0510207    00159EUR2 2121127575506021225     LIBPAIE NOVEMBRE 2025
0510207    00159EUR2 2121127575506021225     LIBEVI JAHAN CLEMENT
0410207052300159EUR2E2121127575506021225  021225EVI OCCAS CYBER                  3593102100000000013297MP             20
0510207    00159EUR2 2121127575506021225     LIBPAIE NOVEMBRE 2025
0510207    00159EUR2 2121127575506021225     LIBPAIE NOVEMBRE 2025
0510207    00159EUR2 2121127575506021225     LIBEVI M FOUSSEINI KONTE
0410207052300159EUR2E2121127575506021225  021225EVI OCCAS CYBER                  3593155100000000016237RP             20
0510207    00159EUR2 2121127575506021225     LIBPAIE NOVEMBRE 2025
0510207    00159EUR2 2121127575506021225     LIBPAIE NOVEMBRE 2025
0510207    00159EUR2 2121127575506021225     LIBEVI MARTINS ALBERTINO
0410207052300159EUR2E2121127575506021225  021225EVI OCCAS CYBER                  3593222100000000007512QP             20
0510207    00159EUR2 2121127575506021225     LIBPAIE NOVEMBRE 2025
0510207    00159EUR2 2121127575506021225     LIBPAIE NOVEMBRE 2025
0510207    00159EUR2 2121127575506021225     LIBEVI MARTINS PAULO
0410207052300159EUR2E2121127575506021225  021225EVI OCCAS CYBER                  3593285100000000016754RP             20
0510207    00159EUR2 2121127575506021225     LIBPAIE NOVEMBRE 2025
0510207    00159EUR2 2121127575506021225     LIBPAIE NOVEMBRE 2025
0510207    00159EUR2 2121127575506021225     LIBEVI MBAMA NGOLO CEDRIC
0410207052300159EUR2E2121127575506021225  021225EVI OCCAS CYBER                  3593569100000000020553LP             20
0510207    00159EUR2 2121127575506021225     LIBPAIE NOVEMBRE 2025
0510207    00159EUR2 2121127575506021225     LIBPAIE NOVEMBRE 2025
0510207    00159EUR2 2121127575506021225     LIBEVI MOUNDJONGUE JEAN PIE
0410207052300159EUR2E2121127575506021225  021225EVI OCCAS CYBER                  3593653100000000018938PP             20
0510207    00159EUR2 2121127575506021225     LIBPAIE NOVEMBRE 2025
0510207    00159EUR2 2121127575506021225     LIBPAIE NOVEMBRE 2025
0510207    00159EUR2 2121127575506021225     LIBEVI NADAL SIMON
0410207052300159EUR2E2121127575506021225  021225EVI OCCAS CYBER                  3593739100000000016952RP             20
0510207    00159EUR2 2121127575506021225     LIBPAIE NOVEMBRE 2025
0510207    00159EUR2 2121127575506021225     LIBPAIE NOVEMBRE 2025
0510207    00159EUR2 2121127575506021225     LIBEVI POURBAIX AMBROISE
0410207052300159EUR2E2121127575506021225  021225EVI OCCAS CYBER                  3593830100000000016404PP             20
0510207    00159EUR2 2121127575506021225     LIBPAIE NOVEMBRE 2025
0510207    00159EUR2 2121127575506021225     LIBPAIE NOVEMBRE 2025
0510207    00159EUR2 2121127575506021225     LIBEVI SANCHEZ OLIVIER
0410207052300159EUR2E2121127575506021225  021225EVI OCCAS CYBER                  3593910100000000008995RP             20
0510207    00159EUR2 2121127575506021225     LIBPAIE NOVEMBRE 2025
0510207    00159EUR2 2121127575506021225     LIBPAIE NOVEMBRE 2025
0510207    00159EUR2 2121127575506021225     LIBEVI SAUTAREL STEPHANIE
0410207052300159EUR2E2121127575506021225  021225EVI OCCAS CYBER                  3594008100000000013087PP             20
0510207    00159EUR2 2121127575506021225     LIBPAIE NOVEMBRE 2025
0510207    00159EUR2 2121127575506021225     LIBPAIE NOVEMBRE 2025
0510207    00159EUR2 2121127575506021225     LIBEVI SAUTAREL STEPHANIE
0410207052300159EUR2E2121127575506021225  021225EVI OCCAS CYBER                  3594245100000000008995RP             20
0510207    00159EUR2 2121127575506021225     LIBPAIE NOVEMBRE 2025
0510207    00159EUR2 2121127575506021225     LIBPAIE NOVEMBRE 2025
0510207    00159EUR2 2121127575506021225     LIBEVI SAUTAREL LUDIVINE
0410207052300159EUR2E2121127575506021225  021225EVI OCCAS CYBER                  3594939100000000005262OP             20
0510207    00159EUR2 2121127575506021225     LIBPAIE NOVEMBRE 2025
0510207    00159EUR2 2121127575506021225     LIBPAIE NOVEMBRE 2025
0510207    00159EUR2 2121127575506021225     LIBEVI MOUJJOU ABDEL
0410207050500159EUR2E2121127575505021225  021225EUROVIREMENT                     FGFDTA0000000000020075{FB2255 DU 30/10/
0510207    00159EUR2 2121127575505021225     LIBFB2255 DU 30/10/2025
0510207    00159EUR2 2121127575505021225     LIBEVI SDC 8BUCOURT-11GIRON
0510207    00159EUR2 2121127575505021225     MMOEUR2000000002007500000000000000
0510207    00159EUR2 2121127575505021225     NPYSDC 8BUCOURT-11GIRONDINS IMM158
0510207    00159EUR2 2121127575505021225     NBEENERPUR ETANCHEITE
0510207    00159EUR2 2121127575505021225     LCCFB2255 DU 30/10/2025
0510207    00159EUR2 2121127575505021225     RCNCABINET GABSTAN
0410207050500159EUR2E2121127575505021225  021225EUROVIREMENT                     FGFDWFJ000000000008635{LES REMPARTS FB2
0510207    00159EUR2 2121127575505021225     LIBLES REMPARTS FB2060
0510207    00159EUR2 2121127575505021225     LIBEVI SDC LES REMPARTS 651
0510207    00159EUR2 2121127575505021225     MMOEUR2000000000863500000000000000
0510207    00159EUR2 2121127575505021225     NPYSDC LES REMPARTS 6513
0510207    00159EUR2 2121127575505021225     NBEENERPUR ETANCHEITE
0510207    00159EUR2 2121127575505021225     LCCLES REMPARTS FB2060
0510207    00159EUR2 2121127575505021225     RCNE2E-692CD4E2F36104D60A12A4C4
0410207059300159EUR2E2121127575505021225  021225VIR INST                         WFNL07R000000000008000{C      1418
0510207    00159EUR2 2121127575505021225     LIBCLIENT 1418
0510207    00159EUR2 2121127575505021225     LIBDEVIS N. DF9227
0510207    00159EUR2 2121127575505021225     LIBVIR INST MR CARASCO KEVI
0410207021900159EUR2E2121127575507021225  291125LCR DOMICILIEE                   3198154100000000914562MREF TIRE 000ENER
0510207    00159EUR2 2121127575507021225     LIBREF TIRE 000ENERPUR
0510207    00159EUR2 2121127575507021225     LIBIKO-AXTER       301125
0410207021900159EUR2E2121127575507021225  301125LCR DOMICILIEE                   3198155100000000028335L
0510207    00159EUR2 2121127575507021225     LIBMDE             011225
0410207021900159EUR2E2121127575507021225  291125LCR DOMICILIEE                   3248120100000000013079QECH 30/11/25
0510207    00159EUR2 2121127575507021225     LIBECH 30/11/25
0510207    00159EUR2 2121127575507021225     LIBS.A.S.   VALORSOL ENVIRO
0410207021400159EUR2E2121127575511021225  021225FACTURE CB                       FGUCCN5100000000000379}L ENK          F
0510207    00159EUR2 2121127575511021225     LIBL ENK          FR CABRIES
0510207    00159EUR2 2121127575511021225     LIB37 90EUR 1 EURO   1 000000
0510207    00159EUR2 2121127575511021225     LIB011225 CB****9514
0410207021400159EUR2E2121127575511021225  021225FACTURE CB                       FGUCCN6100000000000390}TRAINLINE      F
0510207    00159EUR2 2121127575511021225     LIBTRAINLINE      FR WWW.THETRAIN
0510207    00159EUR2 2121127575511021225     LIB39 00EUR 1 EURO   1 000000
0510207    00159EUR2 2121127575511021225     LIB011225 CB****9514
0410207021400159EUR2E2121127575511021225  021225FACTURE CB                       FGUC6SG100000000000010}STATIONNEMENT  F
0510207    00159EUR2 2121127575511021225     LIBSTATIONNEMENT  FR 92ASNIERES
0510207    00159EUR2 2121127575511021225     LIB1 00EUR 1 EURO   1 000000
0510207    00159EUR2 2121127575511021225     LIB011225 CB****3830
0410207021400159EUR2E2121127575511021225  021225FACTURE CB                       FGUCBZ5100000000000028}SELECTA        F
0510207    00159EUR2 2121127575511021225     LIBSELECTA        FR 41CHAUMONT S
0510207    00159EUR2 2121127575511021225     LIB2 80EUR 1 EURO   1 000000
0510207    00159EUR2 2121127575511021225     LIB011225 CB****9301
0410207021400159EUR2E2121127575511021225  021225FACTURE CB                       FGUCBZ6100000000000039}AUTOROUTES DU SF
0510207    00159EUR2 2121127575511021225     LIBAUTOROUTES DU SFR 84VEDENE
0510207    00159EUR2 2121127575511021225     LIB3 90EUR 1 EURO   1 000000
0510207    00159EUR2 2121127575511021225     LIB011225 CB****9301
0410207021400159EUR2E2121127575511021225  021225FACTURE CB                       FGUCBZ7100000000000159}AUTOROUTES DU SF
0510207    00159EUR2 2121127575511021225     LIBAUTOROUTES DU SFR 84VEDENE
0510207    00159EUR2 2121127575511021225     LIB15 90EUR 1 EURO   1 000000
0510207    00159EUR2 2121127575511021225     LIB011225 CB****9301
0410207021400159EUR2E2121127575511021225  021225FACTURE CB                       FGUCBZ8100000000000213}COFIROUTE      F
0510207    00159EUR2 2121127575511021225     LIBCOFIROUTE      FR 92RUEIL MALM
0510207    00159EUR2 2121127575511021225     LIB21 30EUR 1 EURO   1 000000
0510207    00159EUR2 2121127575511021225     LIB011225 CB****9301
0410207021400159EUR2E2121127575511021225  021225FACTURE CB                       FGUCBZ9100000000000464MAVIA DAC VL    F
0510207    00159EUR2 2121127575511021225     LIBAVIA DAC VL    FR COEUR DE CAU
0510207    00159EUR2 2121127575511021225     LIB46 44EUR 1 EURO   1 000000
0510207    00159EUR2 2121127575511021225     LIB011225 CB****9301
0410207021400159EUR2E2121127575511021225  021225FACTURE CB                       FGUCBZA100000000000549QENIDACVL 9182CHF
0510207    00159EUR2 2121127575511021225     LIBENIDACVL 9182CHFR LYON 7EME
0510207    00159EUR2 2121127575511021225     LIB54 98EUR 1 EURO   1 000000
0510207    00159EUR2 2121127575511021225     LIB011225 CB****9301
0410207021400159EUR2E2121127575511021225  021225FACTURE CB                       FGUCCE0100000000000132}COFIROUTE      F
0510207    00159EUR2 2121127575511021225     LIBCOFIROUTE      FR 92RUEIL MALM
0510207    00159EUR2 2121127575511021225     LIB13 20EUR 1 EURO   1 000000
0510207    00159EUR2 2121127575511021225     LIB011225 CB****9320
0410207059300159EUR2E2121127575505021225  021225VIR INST                         WFNPT7V000000000008995IERREUR VIREMENT
0510207    00159EUR2 2121127575505021225     LIBERREUR VIREMENT PAIE
0510207    00159EUR2 2121127575505021225     LIBERREUR VIREMENT PAIE
0510207    00159EUR2 2121127575505021225     LIBVIR INST M ALLO OLIVIER
0710207    00159EUR2 21211275755  021225                                                  0000015893355F
0130258RLV 10000EUR2 08024136990  011225CAUVALEX MANUTENTION             COMPTE COURANT   0000000000000{        MT940
0730258RLV 10000EUR2 08024136990  021225                                                  0000000000000{
0110207    00142EUR2 70210592899  011225SARL DERICE                      COMPTE COURANT   0000000039045H
0710207    00142EUR2 70210592899  021225                                                  0000000039045H
0110207    00192EUR2 22217124045  011225PREVENTECH                       COMPTE COURANT   0000000180492{
0410207052300192EUR2E2221712404506021225  021225EVI OCCAS CYBER                  3414617100000000129000}VW G    7 R 2015
0510207    00192EUR2 2221712404506021225     LIBVW GOLF 7 R 2015 1DFF144
0510207    00192EUR2 2221712404506021225     LIBACHAT VW GOLF 7 R 2015 1DFF144
0510207    00192EUR2 2221712404506021225     LIBEVI VANDEKERKHOVE NICOLA
0410207053700192EUR2E2221712404508021225  021225EUROPRELEVEMENT                  09YUPJR100000000017023Q
0510207    00192EUR2 2221712404508021225     LIBSF-ACC-000767450 FR05 1719348151
0510207    00192EUR2 2221712404508021225     LIBPRLV SEPA SCM LOCAL SASU
0410207052300192EUR2E2221712404506021225  021225EVI OCCAS CYBER                  3601512100000000010000}
0510207    00192EUR2 2221712404506021225     LIBFACTURE TRANSPORT 057 DU 28/11/2
0510207    00192EUR2 2221712404506021225     LIBFACTURE TRANSPORT 057 DU 28/11/2
0510207    00192EUR2 2221712404506021225     LIBEVI EI - M OTMANE EL JAM
0410207021400192EUR2E2221712404511021225  021225FACTURE CB                       FGUCKI4100000000000175}SANEF          F
0510207    00192EUR2 2221712404511021225     LIBSANEF          FR 60SENLIS
0510207    00192EUR2 2221712404511021225     LIB17 50EUR 1 EURO   1 000000
0510207    00192EUR2 2221712404511021225     LIB281125 CB****8606
0410207021400192EUR2E2221712404511021225  021225FACTURE CB                       FGUCKI5100000000000241}SANEF AUTOROUTEF
0510207    00192EUR2 2221712404511021225     LIBSANEF AUTOROUTEFR SENLIS
0510207    00192EUR2 2221712404511021225     LIB24 10EUR 1 EURO   1 000000
0510207    00192EUR2 2221712404511021225     LIB281125 CB****8606
0410207021400192EUR2E2221712404511021225  021225FACTURE CB                       FGUCKI6100000000000348}SANEF AUTOROUTEF
0510207    00192EUR2 2221712404511021225     LIBSANEF AUTOROUTEFR 60304 SENLIS
0510207    00192EUR2 2221712404511021225     LIB34 80EUR 1 EURO   1 000000
0510207    00192EUR2 2221712404511021225     LIB281125 CB****8606
0410207021400192EUR2E2221712404511021225  021225FACTURE CB                       FGUCKI7100000000001181RCERTAS ESSOF328F
0510207    00192EUR2 2221712404511021225     LIBCERTAS ESSOF328FR 95MOISSELLES
0510207    00192EUR2 2221712404511021225     LIB118 19EUR 1 EURO   1 000000
0510207    00192EUR2 2221712404511021225     LIB011225 CB****8606
0410207021400192EUR2E2221712404511021225  021225FACTURE CB                       FGUCHGR100000000000500JCERTAS ESSOF328F
0510207    00192EUR2 2221712404511021225     LIBCERTAS ESSOF328FR 95MOISSELLES
0510207    00192EUR2 2221712404511021225     LIB50 01EUR 1 EURO   1 000000
0510207    00192EUR2 2221712404511021225     LIB011225 CB****8362
0710207    00192EUR2 22217124045  021225                                                  0000000022022B
0110107    00215EUR2 00816052467  011225SOCIETE CIVILE DU VAL DE LOIRE                    0000000272959A
0410107003800215EUR2E0081605246711021225  021225TRANSACTION CARTE    038    000  00319860 0000000001550K
0510107    00215EUR2 0081605246711021225     LIBGOOGLE ADS98691 LE 01/12/25  CB.XXXXX1317
0510107    00215EUR2 0081605246711021225     LIBORIGINE   IRLANDE           MONTANT   155 02 EUR
0410107003800215EUR2E0081605246711021225  021225TRANSACTION CARTE    038    000  00327250 0000000000777}
0510107    00215EUR2 0081605246711021225     LIBGOOGLE ADS33059 LE 01/12/25  CB.XXXXX1317
0510107    00215EUR2 0081605246711021225     LIBORIGINE   IRLANDE           MONTANT   77 70 EUR
0410107036500215EUR2E0081605246791021225  021225VIREMENT AUTOMATIQUE 365    000  13055010 0000000032000}
0510107    00215EUR2 0081605246791021225     LIBSCI DE LA COTE           ECH 021225
0510107    00215EUR2 0081605246791021225     LIBLOYER BODYWORKS
0710107    00215EUR2 00816052467  021225                                                  0000000238631I
0110207    00152EUR2 22217984733  011225SARL DERICE                      COMPTE COURANT   0000000162908E
0410207050500152EUR2E2221798473305021225  021225EUROVIREMENT                     FERW6MN000000000000600{BOUQUET DE FLEUR
0510207    00152EUR2 2221798473305021225     LIBBOUQUET DE FLEURS POUR MARIAGE D
0510207    00152EUR2 2221798473305021225     LIBU 22/11/2025FAC. FC0230 DU 18/11
0510207    00152EUR2 2221798473305021225     LIBEVI SGC MONTMORENCY
0510207    00152EUR2 2221798473305021225     MMOEUR2000000000060000000000000000
0510207    00152EUR2 2221798473305021225     NPYSGC MONTMORENCY
0510207    00152EUR2 2221798473305021225     NBEUN JOUR FLEURI
0510207    00152EUR2 2221798473305021225     LCCBOUQUET DE FLEURS POUR MARIAGE DU 22/11/2025FAC. FC0230 DU 18/11/2025S
0510207    00152EUR2 2221798473305021225     LC2BOUQUET DE FLEURS POUR MARIAGE DU 22/11/2025FAC. FC0230 DU 18/11/2025S
0510207    00152EUR2 2221798473305021225     RCN1609510702240027112025-2435
0410207050500152EUR2E2221798473305021225  021225EUROVIREMENT                     FERW7KD000000000001000{COUSSIN ROND POU
0510207    00152EUR2 2221798473305021225     LIBCOUSSIN ROND POUR CEREMONIE DU 1
0510207    00152EUR2 2221798473305021225     LIBER NOVEMBRE 2025FAC. FC0226 DU 0
0510207    00152EUR2 2221798473305021225     LIBEVI SGC MONTMORENCY
0510207    00152EUR2 2221798473305021225     MMOEUR2000000000100000000000000000
0510207    00152EUR2 2221798473305021225     NPYSGC MONTMORENCY
0510207    00152EUR2 2221798473305021225     NBEUN JOUR FLEURI
0510207    00152EUR2 2221798473305021225     LCCCOUSSIN ROND POUR CEREMONIE DU 1ER NOVEMBRE 2025FAC. FC0226 DU 04/11/2
0510207    00152EUR2 2221798473305021225     LC2COUSSIN ROND POUR CEREMONIE DU 1ER NOVEMBRE 2025FAC. FC0226 DU 04/11/2
0510207    00152EUR2 2221798473305021225     RCN1609510702240027112025-2413
0410207051700152EUR2E2221798473362021225  011225ABON CYBER  PAI                  1300934000000000000054}MOIS DE NOVEMBRE
0510207    00152EUR2 2221798473362021225     LIBMOIS DE NOVEMBRE 2025
0510207    00152EUR2 2221798473362021225     LIBHT       5 40/TVA 0 00 EXONERE
0510207    00152EUR2 2221798473362021225     LIBS PRESTA CYB
0410207049900152EUR2E2221798473362021225  011225OFFRE MONETIQUE                  5453874000000000000218NMOIS DE NOVEMBRE
0510207    00152EUR2 2221798473362021225     LIBMOIS DE NOVEMBRE 2025
0510207    00152EUR2 2221798473362021225     LIBHT      18 21/TVA20 00      3 64
0510207    00152EUR2 2221798473362021225     LIBL LOY TPE/ELC
0410207053700152EUR2E2221798473308021225  021225EUROPRELEVEMENT                  09Y2ANI100000000000680}PLV CMD DU 24/11
0510207    00152EUR2 2221798473308021225     LIBPLV CMD DU 24/11 AU 24/11
0510207    00152EUR2 2221798473308021225     LIB95059773
0510207    00152EUR2 2221798473308021225     LIBPRLV SEPA L AGITATEUR FL
0410207021400152EUR2E2221798473311021225  021225FACTURE CB                       FGUC747100000000000160}EURL DES VALLEEF
0510207    00152EUR2 2221798473311021225     LIBEURL DES VALLEEFR LORMAISON
0510207    00152EUR2 2221798473311021225     LIB16 00EUR 1 EURO   1 000000
0510207    00152EUR2 2221798473311021225     LIB011225 CB****0819
0410207021400152EUR2E2221798473311021225  021225FACTURE CB                       FGUC748100000000003217NALTITUDE 500   F
0510207    00152EUR2 2221798473311021225     LIBALTITUDE 500   FR 56PLOURAY
0510207    00152EUR2 2221798473311021225     LIB321 75EUR 1 EURO   1 000000
0510207    00152EUR2 2221798473311021225     LIB011225 CB****0819
0710207    00152EUR2 22217984733  021225                                                  0000000160178E
0110207    00004EUR2 22211642215  011225SCI DE LA RUE DEZITTER           COMPTE COURANT   0000000000000{
0710207    00004EUR2 22211642215  021225                                                  0000000000000{
0110207    00311EUR2 20219207490  011225NORTRADE INTERNATIONAL           COMPTE COURANT EN0000000049603B
0710207    00311EUR2 20219207490  021225                                                  0000000049603B
0118707    00082EUR2 32121425058  011225SAVANE & MOUSSON STREET FOOD     COMPTE COURANT   0000000018076P
0718707    00082EUR2 32121425058  021225                                                  0000000018076P
0110207    00060EUR2 24213303820  011225SOCIETE CIVILE IMMOBILIERE IREM  COMPTE COURANT   0000000922390A
0410207052400060EUR2E2421330382062021225  301125FRAIS/COTIS                      0023755000000000000110}XCBVX660 2025113
0510207    00060EUR2 2421330382062021225     LIBXCBVX660 2025113000023755000001
0510207    00060EUR2 2421330382062021225     LIBABON CYBER MEDIUM
0710207    00060EUR2 24213303820  021225                                                  0000000922280A
0110207    00060EUR2 24214417775  011225SCI DC                           COMPTE COURANT   0000000212549H
0410207050500060EUR2E2421441777505021225  021225EUROVIREMENT                     FERVOAB000000000012000{A       A     P
0510207    00060EUR2 2421441777505021225     LIBACOMPTE ACHAT PLANS ET AUTORISAT
0510207    00060EUR2 2421441777505021225     LIBIONS MONTEREAU
0510207    00060EUR2 2421441777505021225     LIBEVI P AU CARRE
0510207    00060EUR2 2421441777505021225     MMOEUR2000000001200000000000000000
0510207    00060EUR2 2421441777505021225     NPYP AU CARRE
0510207    00060EUR2 2421441777505021225     NBESAS B ET L REAL ESTATE
0510207    00060EUR2 2421441777505021225     LCCACOMPTE ACHAT PLANS ET AUTORISATIONS MONTEREAU
0510207    00060EUR2 2421441777505021225     RCN2508-02
0710207    00060EUR2 24214417775  021225                                                  0000000224549H
0110207    00130EUR2 21213543636  011225BEAUCE TOURAINE                                   0000000021999I
0410207020600130EUR2E2121354363611021225  011225REMISE CB                        0971021000000000000632GBRUT       63 60
0510207    00130EUR2 2121354363611021225     LIBBRUT       63 60E - COM    0 33E
0510207    00130EUR2 2121354363611021225     LIB                - NB0001/129021
0510207    00130EUR2 2121354363611021225     LIBREMISE CB 5030009011
0410207020600130EUR2E2121354363611021225  011225REMISE CB                        0972933000000000001940HBRUT      194 90
0510207    00130EUR2 2121354363611021225     LIBBRUT      194 90E - COM    0 82E
0510207    00130EUR2 2121354363611021225     LIB                - NB0002/197933
0510207    00130EUR2 2121354363611021225     LIBREMISE CB 5030009011
0410207049900130EUR2E2121354363662021225  011225OFFRE MONETIQUE                  5835268000000000000317}MOIS DE NOVEMBRE
0510207    00130EUR2 2121354363662021225     LIBMOIS DE NOVEMBRE 2025
0510207    00130EUR2 2121354363662021225     LIBHT      26 42/TVA20 00      5 28
0510207    00130EUR2 2121354363662021225     LIBL LOY TPE/ELC
0410207020600130EUR2E2121354363611021225  011225REMISE CB                        0399622000000000000909CBRUT       91 40
0510207    00130EUR2 2121354363611021225     LIBBRUT       91 40E - COM    0 47E
0510207    00130EUR2 2121354363611021225     LIB                - NB0002/158622
0510207    00130EUR2 2121354363611021225     LIBREMISE CB 5835268015
0410207020600130EUR2E2121354363611021225  011225REMISE CB                        0973308000000000004695{BRUT      472 00
0510207    00130EUR2 2121354363611021225     LIBBRUT      472 00E - COM    2 50E
0510207    00130EUR2 2121354363611021225     LIB                - NB0027/157308
0510207    00130EUR2 2121354363611021225     LIBREMISE CB 5030009011
0410207053700130EUR2E2121354363608021225  021225EUROPRELEVEMENT                  09YUPDK100000000000130QS     T       -1
0510207    00130EUR2 2121354363608021225     LIBSWILE TRANSFER-190847-8122460
0510207    00130EUR2 2121354363608021225     LIBSWILE-75272058100012-060220
0510207    00130EUR2 2121354363608021225     LIBPRLV SEPA SWILE
0410207043300130EUR2E2121354363664021225  021225COM / VIREMENTS                  3615542000000000000060}
0510207    00130EUR2 2121354363664021225     LIB00001 OPERATION
0410207052100130EUR2E2121354363606021225  021225EVI OCCASIONNEL                  3615542100000000010000}
0510207    00130EUR2 2121354363606021225     LIBEVI BACHIR MESSAILI
0410207004800130EUR2E2121354363602021225  031225REMISE CHEQUES                   1305107000000000000410{
0510207    00130EUR2 2121354363602021225     LIBREM CHQ  DE 1    CHEQUE(
0410207004800130EUR2E2121354363602021225  031225REMISE CHEQUES                   1305108000000000000610{
0510207    00130EUR2 2121354363602021225     LIBREM CHQ  DE 1    CHEQUE(
0710207    00130EUR2 21213543636  021225                                                  0000000020689I
0110207    00159EUR2 22218906510  011225AP LESAGE                        COMPTE COURANT   0000000181218F
0710207    00159EUR2 22218906510  021225                                                  0000000181218F
0110207    00159EUR2 21212959940  011225SCI DE L'ALISIER                 COMPTE COURANT   0000000343445H
0410207050500159EUR2E2121295994005021225  021225EUROVIREMENT                     FGFD5WR000000000015246{
0510207    00159EUR2 2121295994005021225     LIBLOYER CHARGES
0510207    00159EUR2 2121295994005021225     LIBEVI ASSUIED
0510207    00159EUR2 2121295994005021225     MMOEUR2000000001524600000000000000
0510207    00159EUR2 2121295994005021225     NPYASSUIED
0510207    00159EUR2 2121295994005021225     NBESCI PLANETE  PARKIN
0510207    00159EUR2 2121295994005021225     LCCLOYER CHARGES
0510207    00159EUR2 2121295994005021225     RCNNOTPROVIDED
0410207050500159EUR2E2121295994005021225  021225EUROVIREMENT                     FGFDE3F000000000011650{LOYER BAUDIER
0510207    00159EUR2 2121295994005021225     LIBLOYER BAUDIER
0510207    00159EUR2 2121295994005021225     LIBEVI M BAUDIER JEAN-BAPTI
0510207    00159EUR2 2121295994005021225     MMOEUR2000000001165000000000000000
0510207    00159EUR2 2121295994005021225     NPYM BAUDIER JEAN-BAPTISTE
0510207    00159EUR2 2121295994005021225     NBELOUIS SIRAND
0510207    00159EUR2 2121295994005021225     LCCLOYER BAUDIER
0510207    00159EUR2 2121295994005021225     RCNVIREMENT DE M BAUDIER JEAN-BAPTISTE
0710207    00159EUR2 21212959940  021225                                                  0000000370341H
0110207    00154EUR2 22217342469  011225EL MANAR 2                       COMPTE COURANT   0000005700783{
0410207053700154EUR2E2221734246908021225  021225EUROPRELEVEMENT                  09YHATL100000000005740NI       N .  STN
0510207    00154EUR2 2221734246908021225     LIBINVOICE NO.  STN25/4774
0510207    00154EUR2 2221734246908021225     LIB00000000000000000000000000000374
0510207    00154EUR2 2221734246908021225     LIBPRLV SEPA TRASTERS PARIS
0410207052300154EUR2E2221734246906021225  021225EVI OCCAS CYBER                  3600373100000000002747NC1554440DWL
0510207    00154EUR2 2221734246906021225     LIBC1554440DWL
0510207    00154EUR2 2221734246906021225     LIBFACT SI21252528
0510207    00154EUR2 2221734246906021225     LIBEVI AED FRANCE KBC
0410207052300154EUR2E2221734246906021225  021225EVI OCCAS CYBER                  3600550100000000030849KC1554440DWL
0510207    00154EUR2 2221734246906021225     LIBC1554440DWL
0510207    00154EUR2 2221734246906021225     LIBFACT 17751
0510207    00154EUR2 2221734246906021225     LIBEVI EXPO 2B
0410207052300154EUR2E2221734246906021225  021225EVI OCCAS CYBER                  3616968100000000004439QC1554440DWL
0510207    00154EUR2 2221734246906021225     LIBC1554440DWL
0510207    00154EUR2 2221734246906021225     LIBNDF NOV 2025 SDE
0510207    00154EUR2 2221734246906021225     LIBEVI SEB DESAVOY BOURSORA
0410207052300154EUR2E2221734246906021225  021225EVI OCCAS CYBER                  3617116100000000003762MC1554440DWL
0510207    00154EUR2 2221734246906021225     LIBC1554440DWL
0510207    00154EUR2 2221734246906021225     LIBNDF NOV 2025 MGL
0510207    00154EUR2 2221734246906021225     LIBEVI M MARC GLORIA
0410207052300154EUR2E2221734246906021225  021225EVI OCCAS CYBER                  3617343100000000000805MC1554440DWL
0510207    00154EUR2 2221734246906021225     LIBC1554440DWL
0510207    00154EUR2 2221734246906021225     LIBNDF NOV 2025 JPE
0510207    00154EUR2 2221734246906021225     LIBEVI JENNIFER PETEIL
0710207    00154EUR2 22217342469  021225                                                  0000005652438B
0110207    00151EUR2 21216225274  011225EGV HOLDING                      COMPTE COURANT   0000000146051A
0710207    00151EUR2 21216225274  021225                                                  0000000146051A
0130258RLV 10000EUR2 08000268111  011225EI AIGU MELANIE                  COMPTE COURANT   0000000348263{        MT940
0430258RLV 10000EUR2E0800026811107021225  291125DEBIT          NB 0003 B 12727   51792320 0000000049892O
0430258RLV 10000EUR2E0800026811112021225  011225REJ VIR SEPA 21000004351545      85663671 0000000014096F
0530258    10000EUR2 0800026811112021225     LIB01/12/25 0000001 OPERATION
0530258    10000EUR2 0800026811112021225     NPYDECOFOR
0530258    10000EUR2 0800026811112021225     REFI253350000102115
0430258RLV 10000EUR2E0800026811105021225  021225VIR SEPA SDC BAT C-MACROLOT 5-I  97024241 0000000014625F
0530258    10000EUR2 0800026811105021225     LIBFA2025/3686 DU 27/10/2025
0530258    10000EUR2 0800026811105021225     NPYSDC BAT C MACROLOT 5 IM 166
0530258    10000EUR2 0800026811105021225     NBEDECOFOR
0530258    10000EUR2 0800026811105021225     LCCFA2025/3686 DU 27/10/2025
0530258    10000EUR2 0800026811105021225     RCNCABINET GABSTAN
0430258RLV 10000EUR2E0800026811105021225  021225VIR SEPA SDC CEDRES/MONASTERE-I  99531971 0000000003242H
0530258    10000EUR2 0800026811105021225     LIBFA2025/3483 DU 07/10/2025
0530258    10000EUR2 0800026811105021225     NPYSDC CEDRES/MONASTERE IMM 1059
0530258    10000EUR2 0800026811105021225     NBEDECOFOR
0530258    10000EUR2 0800026811105021225     LCCFA2025/3483 DU 07/10/2025
0530258    10000EUR2 0800026811105021225     RCNCABINET GABSTAN
0430258RLV 10000EUR2E0800026811105021225  021225VIR SEPA SDC COMMERCES MACROLOT  00278001 0000000001830D
0530258    10000EUR2 0800026811105021225     LIBFA2025/3288 DU 23/09/2025
0530258    10000EUR2 0800026811105021225     NPYSDC COMMERCES MACROLOT 2 IM 168
0530258    10000EUR2 0800026811105021225     NBEDECOFOR
0530258    10000EUR2 0800026811105021225     LCCFA2025/3288 DU 23/09/2025
0530258    10000EUR2 0800026811105021225     RCNCABINET GABSTAN
0430258RLV 10000EUR2E0800026811105021225  021225VIR SEPA SDC LE MERMOZ-IMM 1127  97113401 0000000003231H
0530258    10000EUR2 0800026811105021225     LIBFA2025/3886 DU 31/10/2025
0530258    10000EUR2 0800026811105021225     NPYSDC LE MERMOZ IMM 1127
0530258    10000EUR2 0800026811105021225     NBEDECOFOR
0530258    10000EUR2 0800026811105021225     LCCFA2025/3886 DU 31/10/2025
0530258    10000EUR2 0800026811105021225     RCNCABINET GABSTAN
0430258RLV 10000EUR2E0800026811105021225  021225VIR SEPA SDC LE MONASTERE LES S  96936981 0000000004721I
0530258    10000EUR2 0800026811105021225     LIBFA2025/3882 DU 31/10/2025
0530258    10000EUR2 0800026811105021225     NPYSDC LE MONASTERE LES SEQUOIAS   IMM 1058
0530258    10000EUR2 0800026811105021225     NBEDECOFOR
0530258    10000EUR2 0800026811105021225     LCCFA2025/3882 DU 31/10/2025
0530258    10000EUR2 0800026811105021225     RCNCABINET GABSTAN
0430258RLV 10000EUR2E0800026811105021225  021225VIR SEPA SDC 30 RUE VAUTHIER 16  71502021 0000000031935B
0530258    10000EUR2 0800026811105021225     LIB16143   30 RUE VAUTHIER FA2025
0530258    10000EUR2 0800026811105021225     NPYSDC 30 RUE VAUTHIER 16143
0530258    10000EUR2 0800026811105021225     NBEDECOFOR
0530258    10000EUR2 0800026811105021225     LCC16143   30 RUE VAUTHIER FA2025 4052
0530258    10000EUR2 0800026811105021225     RCNE2E 692CD461F36104D60A128FF9
0430258RLV 10000EUR2E0800026811105021225  021225VIR SEPA SYNDICAT HAUTS DE MARL  71618231 0000000304255A
0530258    10000EUR2 0800026811105021225     LIBLES HAUTS DE MARLY FA2025 3662
0530258    10000EUR2 0800026811105021225     NPYSYNDICAT HAUTS DE MARLY 612
0530258    10000EUR2 0800026811105021225     NBEDECOFOR
0530258    10000EUR2 0800026811105021225     LCCLES HAUTS DE MARLY FA2025 3662
0530258    10000EUR2 0800026811105021225     RCNE2E 692CD39D5A5AA638EBF54CAE
0430258RLV 10000EUR2E0800026811105021225  021225VIR SEPA SYNDICAT LES MARECHAUX  71329261 0000000031284{
0530258    10000EUR2 0800026811105021225     LIBRESIDENCE LES MARECHAUX FA2025
0530258    10000EUR2 0800026811105021225     NPYSYNDICAT LES MARECHAUX 215
0530258    10000EUR2 0800026811105021225     NBEDECOFOR
0530258    10000EUR2 0800026811105021225     LCCRESIDENCE LES MARECHAUX FA2025 4073
0530258    10000EUR2 0800026811105021225     RCNE2E 692CD45B5A5AA638EBF56787
0730258RLV 10000EUR2 08000268111  021225                                                  0000000707593H
0110107    00284EUR2 00117067725  011225STOORM                           CCE STOORM       0000000008490H
0710107    00284EUR2 00117067725  021225                                                  0000000008490H
0110207    00152EUR2 27210183398  011225POLY                             COMPTE COURANT   0000000737660F
0710207    00152EUR2 27210183398  021225                                                  0000000737660F
0118707    00040EUR2 31721400998  011225LUCAS OPTIK                      COMPTE MUTUELLE  0000000164026D
0418707050500040EUR2E3172140099805021225  021225VIREMENT SEPA                    FGFE5XT100000000003898BF     SDFX6HPMEE
0518707    00040EUR2 3172140099805021225     LIBFAIRE SDFX6HPMEE
0518707    00040EUR2 3172140099805021225     LIBVIREMENT FAIRE WHOLESALE
0518707    00040EUR2 3172140099805021225     MMOEUR2000000000389820000000000000
0518707    00040EUR2 3172140099805021225     NPYFAIRE WHOLESALE B. V.
0518707    00040EUR2 3172140099805021225     NBEAUTOUR DU PARFUM/ ATELIER LEBLANC
0518707    00040EUR2 3172140099805021225     LCCFAIRE SDFX6HPMEE
0518707    00040EUR2 3172140099805021225     RCNNOTPROVIDED
0418707050500040EUR2E3172140099805021225  021225VIREMENT SEPA                    FGFE60F100000000002297IF     J53J5Q8C3R
0518707    00040EUR2 3172140099805021225     LIBFAIRE J53J5Q8C3R
0518707    00040EUR2 3172140099805021225     LIBVIREMENT FAIRE WHOLESALE
0518707    00040EUR2 3172140099805021225     MMOEUR2000000000229790000000000000
0518707    00040EUR2 3172140099805021225     NPYFAIRE WHOLESALE B. V.
0518707    00040EUR2 3172140099805021225     NBEAUTOUR DU PARFUM/ ATELIER LEBLANC
0518707    00040EUR2 3172140099805021225     LCCFAIRE J53J5Q8C3R
0518707    00040EUR2 3172140099805021225     RCNNOTPROVIDED
0418707050500040EUR2E3172140099805021225  021225VIREMENT SEPA                    FGFE64B100000000005311IF     EB6XX5H2GQ
0518707    00040EUR2 3172140099805021225     LIBFAIRE EB6XX5H2GQ
0518707    00040EUR2 3172140099805021225     LIBVIREMENT FAIRE WHOLESALE
0518707    00040EUR2 3172140099805021225     MMOEUR2000000000531190000000000000
0518707    00040EUR2 3172140099805021225     NPYFAIRE WHOLESALE B. V.
0518707    00040EUR2 3172140099805021225     NBEAUTOUR DU PARFUM/ ATELIER LEBLANC
0518707    00040EUR2 3172140099805021225     LCCFAIRE EB6XX5H2GQ
0518707    00040EUR2 3172140099805021225     RCNNOTPROVIDED
0418707050500040EUR2E3172140099805021225  021225VIREMENT SEPA                    FGFE65M100000000001584{F     B2D8DW7J4B
0518707    00040EUR2 3172140099805021225     LIBFAIRE B2D8DW7J4B
0518707    00040EUR2 3172140099805021225     LIBVIREMENT FAIRE WHOLESALE
0518707    00040EUR2 3172140099805021225     MMOEUR2000000000158400000000000000
0518707    00040EUR2 3172140099805021225     NPYFAIRE WHOLESALE B. V.
0518707    00040EUR2 3172140099805021225     NBEAUTOUR DU PARFUM/ ATELIER LEBLANC
0518707    00040EUR2 3172140099805021225     LCCFAIRE B2D8DW7J4B
0518707    00040EUR2 3172140099805021225     RCNNOTPROVIDED
0418707052300040EUR2E3172140099806021225  021225SEPA INTERNET                    4087821100000000002314MV           SARL
0518707    00040EUR2 3172140099806021225     LIBVIREMENT DE SARL AUTOUR DU PARFU
0518707    00040EUR2 3172140099806021225     LIBREF 7K133388782DE SARL AUTOUR DU
0518707    00040EUR2 3172140099806021225     LIBVIR ENGIE HOME SERVICES
0418707021400040EUR2E3172140099811021225  021225FACTURE CB                       FGUB49Z100000000000140}PBP V          F
0518707    00040EUR2 3172140099811021225     LIBPBP VERSAILLES FR 92BOULOGNE-B
0518707    00040EUR2 3172140099811021225     LIB14 00EUR 1 EURO   1 000000
0518707    00040EUR2 3172140099811021225     LIB291125 CB****0686
0418707021400040EUR2E3172140099811021225  021225FACTURE CB                       FGUB4A0100000000014229}PIXARTPRINTING I
0518707    00040EUR2 3172140099811021225     LIBPIXARTPRINTING IT QUARTO D'ALR
0518707    00040EUR2 3172140099811021225     LIB1422 90EUR 1 EURO   1 000000
0518707    00040EUR2 3172140099811021225     LIB011225 CB****0686
0718707    00040EUR2 31721400998  021225                                                  0000000160435{
0110207    00197EUR2 23213287879  011225LK DEVELOPPEMENT                 COMPTE COURANT   0000000290813E
0410207050500197EUR2E2321328787905021225  021225EUROVIREMENT                     FERVZ2G000000000004248{REGLEMENT ENTRET
0510207    00197EUR2 2321328787905021225     LIBREGLEMENT ENTRETIEN ESPACES VERT
0510207    00197EUR2 2321328787905021225     LIBS 11
0510207    00197EUR2 2321328787905021225     LIBEVI SDC ACTIPARC
0510207    00197EUR2 2321328787905021225     MMOEUR2000000000424800000000000000
0510207    00197EUR2 2321328787905021225     NPYSDC ACTIPARC
0510207    00197EUR2 2321328787905021225     IPYSOGEFRPP
0510207    00197EUR2 2321328787905021225     NBEJADE
0510207    00197EUR2 2321328787905021225     IBECCBPFRPPMTG
0510207    00197EUR2 2321328787905021225     LCCREGLEMENT ENTRETIEN ESPACES VERTS 11
0510207    00197EUR2 2321328787905021225     RCNLSC   4276
0410207050500197EUR2E2321328787905021225  021225EUROVIREMENT                     FERVQIE000000000001752{FA2025111792
0510207    00197EUR2 2321328787905021225     LIBFA2025111792
0510207    00197EUR2 2321328787905021225     LIBEVI M OU MME LE DROGOFF
0510207    00197EUR2 2321328787905021225     MMOEUR2000000000175200000000000000
0510207    00197EUR2 2321328787905021225     NPYM OU MME LE DROGOFF ALAIN
0510207    00197EUR2 2321328787905021225     NBESAS JARDINAGE A DOMICILE EXPRESS
0510207    00197EUR2 2321328787905021225     LCCFA2025111792
0510207    00197EUR2 2321328787905021225     RCNNOTPROVIDED
0410207050500197EUR2E2321328787905021225  021225EUROVIREMENT                     FERW2R1000000000001824{FACT FA-2025-11-
0510207    00197EUR2 2321328787905021225     LIBFACT FA-2025-11-1778
0510207    00197EUR2 2321328787905021225     LIBEVI ORU FRANCE SA
0510207    00197EUR2 2321328787905021225     MMOEUR2000000000182400000000000000
0510207    00197EUR2 2321328787905021225     NPYORU FRANCE SA
0510207    00197EUR2 2321328787905021225     NBEJADE
0510207    00197EUR2 2321328787905021225     LCCFACT FA-2025-11-1778
0510207    00197EUR2 2321328787905021225     RCNFACT FA-2025-11-1778
0410207050500197EUR2E2321328787905021225  021225EUROVIREMENT                     FERW98W000000000001236{FA-2025-10-1700
0510207    00197EUR2 2321328787905021225     LIBFA-2025-10-1700
0510207    00197EUR2 2321328787905021225     LIBEVI A-02 - SDC 15/17 BD
0510207    00197EUR2 2321328787905021225     MMOEUR2000000000123600000000000000
0510207    00197EUR2 2321328787905021225     NPYA-02 - SDC 15/17 BD J D'ARC
0510207    00197EUR2 2321328787905021225     IPYCMCIFRPP
0510207    00197EUR2 2321328787905021225     NBEJADE
0510207    00197EUR2 2321328787905021225     LCCFA-2025-10-1700
0510207    00197EUR2 2321328787905021225     RCNLSC...4436
0410207050500197EUR2E2321328787905021225  021225EUROVIREMENT                     FGFD811000000000004248{172242
0510207    00197EUR2 2321328787905021225     LIB172242
0510207    00197EUR2 2321328787905021225     LIBEVI MAUFFREY TRANSPORT E
0510207    00197EUR2 2321328787905021225     MMOEUR2000000000424800000000000000
0510207    00197EUR2 2321328787905021225     NPYMAUFFREY TRANSPORT ET MANUTENTION
0510207    00197EUR2 2321328787905021225     IPY433398591
0510207    00197EUR2 2321328787905021225     NBEJADE
0510207    00197EUR2 2321328787905021225     IBE79035504400013
0510207    00197EUR2 2321328787905021225     LCC172242
0510207    00197EUR2 2321328787905021225     RCNFVIRN2512471000009
0410207050500197EUR2E2321328787905021225  021225EUROVIREMENT                     FGFDZWQ000000000003192{JADE WEB2O 1738
0510207    00197EUR2 2321328787905021225     LIBJADE WEB2O 1738
0510207    00197EUR2 2321328787905021225     LIBEVI WEB2O
0510207    00197EUR2 2321328787905021225     MMOEUR2000000000319200000000000000
0510207    00197EUR2 2321328787905021225     NPYWEB2O
0510207    00197EUR2 2321328787905021225     NBEJADE PAYSAGE
0510207    00197EUR2 2321328787905021225     LCCJADE WEB2O 1738
0510207    00197EUR2 2321328787905021225     RCNVK53361LFZWBCL01
0710207    00197EUR2 23213287879  021225                                                  0000000307313E
0110207    00004EUR2 04004082912  011225SCI ACDB                         COMPTE COURANT   0000000000587L
0710207    00004EUR2 04004082912  021225                                                  0000000000587L
0118707    00128EUR2 31321661517  011225LK DEVELOPPEMENT                 COMPTE COURANT   0000000000000{
0718707    00128EUR2 31321661517  021225                                                  0000000000000{
0110207    00330EUR2 22218136276  011225MLE CLAIRE GUENERIN              COMPTE COURANT   0000000054918I
0410207052500330EUR2E2221813627662021225  301125FRAIS/COTIS                      0009412000000000000054}XCPSD517 2025113
0510207    00330EUR2 2221813627662021225     LIBXCPSD517 2025113000009412000001
0510207    00330EUR2 2221813627662021225     LIBCONTRAT CARTE N PSD0084210012
0510207    00330EUR2 2221813627662021225     LIBSUITE CONNECT SE.COM
0710207    00330EUR2 22218136276  021225                                                  0000000054864I
0110107    00128EUR2 00413066506  011225SOCIETE CIVILE IMMOBILIERE IREM  COMPTE COURANT   0000000019622J
0410107003800128EUR2E0041306650611021225  021225TRANSACTION CARTE    038    000  00184230 0000000000014O
0510107    00128EUR2 0041306650611021225     LIBGOOGLE WORKSPAC LE 01/12/25  CB.XXXXX1790
0510107    00128EUR2 0041306650611021225     LIBORIGINE   FRANCE            MONTANT   1 46 EUR
0410107051800128EUR2E00413066506B1021225  021225PRELEVEMENT SEPA     518    009  28115210 0000000013147N
0510107    00128EUR2 00413066506B1021225     NBEUNITED PARCEL SERVICE FRANCE SAS
0510107    00128EUR2 00413066506B1021225     LCC0000R5J245
0510107    00128EUR2 00413066506B1021225     IBEFR21ZZZ398787                      SEPA
0510107    00128EUR2 00413066506B1021225     RUM0000R5J245                         RCUR
0510107    00128EUR2 00413066506B1021225     RCN2511200358397320000R5J245
0410107051800128EUR2E00413066506B1021225  021225PRELEVEMENT SEPA     518    009  28151640 0000000003010R
0510107    00128EUR2 00413066506B1021225     NBEORANGE SA
0510107    00128EUR2 00413066506B1021225     LCCMOBENT - P - FACTURE  92366514 - COMPTE FACT  63440758 - IDENT  323769
0510107    00128EUR2 00413066506B1021225     LC253
0510107    00128EUR2 00413066506B1021225     IBEFR18ZZZ002305                      SEPA
0510107    00128EUR2 00413066506B1021225     RUM46323769530001930187               RCUR
0510107    00128EUR2 00413066506B1021225     RCN)63440758 92366514         61 7
0710107    00128EUR2 00413066506  021225                                                  0000000035795J
0110107    00228EUR2 00112062804  011225EI AIGU MELANIE                  COMPTE COURANT   0000000628251F
0710107    00228EUR2 00112062804  021225                                                  0000000628251F
0110207    00020EUR2 21213940954  011225EI EMILIE DE SOUSA               COMPTE COURANT   0000000008727D
0410207049900020EUR2E2121394095462021225  011225OFFRE MONETIQUE                  5145872000000000000409KMOIS DE NOVEMBRE
0510207    00020EUR2 2121394095462021225     LIBMOIS DE NOVEMBRE 2025
0510207    00020EUR2 2121394095462021225     LIBHT      34 10/TVA20 00      6 82
0510207    00020EUR2 2121394095462021225     LIBL LOY TPE/ELC
0410207052400020EUR2E2121394095462021225  281125FRAIS/COTIS                      0067953000000000000321}XCEBR020 2025112
0510207    00020EUR2 2121394095462021225     LIBXCEBR020 2025112800067953000001
0510207    00020EUR2 2121394095462021225     LIB3 OPERATION(S)
0510207    00020EUR2 2121394095462021225     LIBFRAIS PRELEVEMENT REJETE
0410207004800020EUR2E2121394095402021225  031225REMISE CHEQUES                   0202593000000000000800{
0510207    00020EUR2 2121394095402021225     LIBREM CHQ  DE 1    CHEQUE(
0410207056100020EUR2E2121394095404021225  021225VERST AUTOMATE                   2104818000000000003000{ETAMPES DCV.
0510207    00020EUR2 2121394095404021225     LIBETAMPES DCV.
0510207    00020EUR2 2121394095404021225     LIBGAB 02/12 SAC2104818
0710207    00020EUR2 21213940954  021225                                                  0000000011797B
0110107    00118EUR2 00324046259  011225BOUCHERIE EL MANAR               COMPTE COURANT   0000000150091H
0710107    00118EUR2 00324046259  021225                                                  0000000150091H
0110207    00027EUR2 04027030455  011225JOBDOCTOR                     JOBDOCTOR SAS       0000000506878E
0710207    00027EUR2 04027030455  021225                                                  0000000506878E
0118707    00033EUR2 03321029286  011225NORTRADE INTERNATIONAL           COMPTE COURANT EN0000000125194I
0418707050500033EUR2E0332102928605021225  021225VIREMENT SEPA                    FERVG1R100000000001350{A       D      2
0518707    00033EUR2 0332102928605021225     LIBACOMPTE DEVIS  20225-376
0518707    00033EUR2 0332102928605021225     LIBVIREMENT DARD JEAN
0518707    00033EUR2 0332102928605021225     MMOEUR2000000000135000000000000000
0518707    00033EUR2 0332102928605021225     NPYDARD JEAN
0518707    00033EUR2 0332102928605021225     NBERUGEL
0518707    00033EUR2 0332102928605021225     LCCACOMPTE DEVIS  20225-376
0518707    00033EUR2 0332102928605021225     RCNZZ1JI0QB4ZZO0JHR6
0418707050500033EUR2E0332102928605021225  021225VIREMENT SEPA                    FERVUVX100000000003531{RUGEL
0518707    00033EUR2 0332102928605021225     LIBRUGEL
0518707    00033EUR2 0332102928605021225     LIBVIREMENT AGEFO
0518707    00033EUR2 0332102928605021225     MMOEUR2000000000353100000000000000
0518707    00033EUR2 0332102928605021225     NPYAGEFO
0518707    00033EUR2 0332102928605021225     NBERUGEL
0518707    00033EUR2 0332102928605021225     IBERUGEL
0518707    00033EUR2 0332102928605021225     LCCRUGEL
0518707    00033EUR2 0332102928605021225     RCNFA2025/567
0418707050500033EUR2E0332102928605021225  021225VIREMENT SEPA                    FERVUXB100000000004152ERUGEL
0518707    00033EUR2 0332102928605021225     LIBRUGEL
0518707    00033EUR2 0332102928605021225     LIBVIREMENT AGEFO
0518707    00033EUR2 0332102928605021225     MMOEUR2000000000415250000000000000
0518707    00033EUR2 0332102928605021225     NPYAGEFO
0518707    00033EUR2 0332102928605021225     NBERUGEL
0518707    00033EUR2 0332102928605021225     IBERUGEL
0518707    00033EUR2 0332102928605021225     LCCRUGEL
0518707    00033EUR2 0332102928605021225     RCNFA2025/573
0418707050500033EUR2E0332102928605021225  021225VIREMENT SEPA                    FERVUY9100000000002788ERUGEL
0518707    00033EUR2 0332102928605021225     LIBRUGEL
0518707    00033EUR2 0332102928605021225     LIBVIREMENT AGEFO
0518707    00033EUR2 0332102928605021225     MMOEUR2000000000278850000000000000
0518707    00033EUR2 0332102928605021225     NPYAGEFO
0518707    00033EUR2 0332102928605021225     NBERUGEL
0518707    00033EUR2 0332102928605021225     IBERUGEL
0518707    00033EUR2 0332102928605021225     LCCRUGEL
0518707    00033EUR2 0332102928605021225     RCNFA2025/562
0418707059300033EUR2E0332102928605021225  021225VIR INST                         WM3QKV2100000000003231{S          R
0518707    00033EUR2 0332102928605021225     LIBSOLDE FACT RUGEL
0518707    00033EUR2 0332102928605021225     LIBSOLDE PLOMBERIE RUGEL
0518707    00033EUR2 0332102928605021225     LIBVIR INST MME SAINZ CATHE
0718707    00033EUR2 03321029286  021225                                                  0000000140247I