0130004    00171EUR2 00010094005  271125LA PAUSE S'IMPOSE                COMPTE COURANT   0000000109060D
0430004008300171EUR2 0001009400528281125  281125DU 111125 GIE INFOGREFFE VINCEN  00000000 0000000000032}NES CARTE 4974XX
0530004    00171EUR2 0001009400528281125     LIBXXXXXX9930
0430004008300171EUR2 0001009400528281125  281125DU 151125 CARREFOUR SAINT BRICE  00000000 0000000000176N S CARTE 4974XXX
0530004    00171EUR2 0001009400528281125     LIBXXXXX9930
0430004008300171EUR2 0001009400528281125  281125DU 081125 CARREFOUR SAINT BRICE  00000000 0000000000180N S CARTE 4974XXX
0530004    00171EUR2 0001009400528281125     LIBXXXXX9930
0430004008300171EUR2 0001009400528281125  281125DU 221125 CARREFOUR SAINT BRICE  00000000 0000000000210R S CARTE 4974XXX
0530004    00171EUR2 0001009400528281125     LIBXXXXX9930
0430004008300171EUR2 0001009400528281125  281125DU 131125 TOTAL EZANVILLE CARTE  00000000 0000000000470} 4974XXXXXXXX993
0530004    00171EUR2 0001009400528281125     LIB0
0430004008300171EUR2 0001009400528281125  281125DU 121125 ESSO DAC COURBE COURB  00000000 0000000000510J 560443/ CARTE 4
0530004    00171EUR2 0001009400528281125     LIB974XXXXXXXX9930
0430004008300171EUR2 0001009400528281125  281125DU 151125 SPEEDY000000297 ASNIE  00000000 0000000000529JRES SUR CARTE 49
0530004    00171EUR2 0001009400528281125     LIB74XXXXXXXX9930
0430004008300171EUR2 0001009400528281125  281125DU 061125 TOTAL EZANVILLE CARTE  00000000 0000000000550J 4974XXXXXXXX993
0530004    00171EUR2 0001009400528281125     LIB0
0430004081300171EUR2 00010094005B1281125  281125PRLV SEPA/HENNER GMC                    0 0000000000557RFR56ZZZ414162
0530004    00171EUR2 00010094005B1281125     NBEHENNER GMC
0530004    00171EUR2 00010094005B1281125     IBEFR56ZZZ414162
0530004    00171EUR2 00010094005B1281125     LCCHEN001656698343 EN000077231119
0530004    00171EUR2 00010094005B1281125     RCNHEN001656698343 EN000077231119     INSU
0530004    00171EUR2 00010094005B1281125     RUMH1153407994                        RCUR
0430004008300171EUR2 0001009400528281125  281125DU 211125 TOTAL EZANVILLE CARTE  00000000 0000000000560J 4974XXXXXXXX993
0530004    00171EUR2 0001009400528281125     LIB0
0430004008300171EUR2 0001009400528281125  281125DU 171125 TOTAL EZANVILLE CARTE  00000000 0000000000630} 4974XXXXXXXX993
0530004    00171EUR2 0001009400528281125     LIB0
0430004008300171EUR2 0001009400528281125  281125DU 251125 ESSO DAC COURBE COURB  00000000 0000000000710} 560443/ CARTE 4
0530004    00171EUR2 0001009400528281125     LIB974XXXXXXXX9930
0430004008300171EUR2 0001009400528281125  281125DU 011125 CARREFOUR SAINT BRICE  00000000 0000000000749Q S CARTE 4974XXX
0530004    00171EUR2 0001009400528281125     LIBXXXXX9930
0430004008300171EUR2 0001009400528281125  281125DU 111125 J.M. BRUNEAU VILLEBON  00000000 0000000000892Q SUR CARTE 4974X
0530004    00171EUR2 0001009400528281125     LIBXXXXXXX9930
0430004081300171EUR2 00010094005B1281125  281125PRLV SEPA/HENNER GMC                    0 0000000001447QFR56ZZZ414162
0530004    00171EUR2 00010094005B1281125     NBEHENNER GMC
0530004    00171EUR2 00010094005B1281125     IBEFR56ZZZ414162
0530004    00171EUR2 00010094005B1281125     LCCHEN001656698341 EN000077231118
0530004    00171EUR2 00010094005B1281125     RCNHEN001656698341 EN000077231118     INSU
0530004    00171EUR2 00010094005B1281125     RUMH1153407994                        RCUR
0430004056800171EUR2 0001009400518281125  281125CPF                              0000000  0000000001485{11955833
0530004    00171EUR2 0001009400518281125     NPYCPF
0530004    00171EUR2 0001009400518281125     LCCCPF 391393530819 ACOMPTE-391393530819
0530004    00171EUR2 0001009400518281125     RCN11955833
0530004    00171EUR2 0001009400518281125     PDOFR FRANCE
0430004009900171EUR2 0001009400530281125  2811252811 N.82740 DE 92ASNIERES-SUR-  182740   0000000005864F   N.COM.4709572
0530004    00171EUR2 0001009400530281125     LIB N.COM.4709572012
0430004008300171EUR2 0001009400528281125  281125DU 211125 SIMA PEUGEOT CLICHY C  00000000 0000000013720OARTE 4974XXXXXXX
0530004    00171EUR2 0001009400528281125     LIBX9930
0430004056800171EUR2 0001009400518281125  281125CPF                              0000000  0000000013950{11955834
0530004    00171EUR2 0001009400518281125     NPYCPF
0530004    00171EUR2 0001009400518281125     LCCCPF 391322931419 01-359
0530004    00171EUR2 0001009400518281125     RCN11955834
0530004    00171EUR2 0001009400518281125     PDOFR FRANCE
0730004    00171EUR2 00010094005  281125                                                  0000000108431H
0118206    00355EUR2 58517721003  271125THEMA PLUS SARL               THEMA PLUS SARL     0000000405904F  229
0718206    00355EUR2 58517721003  281125        ------------------------------            0000000405904F
0130004    02036EUR2 00010181320  271125SCI MID PASSEL                   COMPTE COURANT   0000001137108}
0430004008302036EUR2 0001018132028281125  281125DU 271125 PAYPAL *ARTGEIS LUXEM  00000000 0000000001533LBOURG CARTE 4974
0530004    02036EUR2 0001018132028281125     LIBXXXXXXXX9666
0730004    02036EUR2 00010181320  281125                                                  0000001138641L
0130003    00380EUR2 00050929825  271125SCI DC                           COMPTE COURANT   0000000043826E
0430003501000380EUR2 00050929825C228112500281125DONOVAN KOZLOM DONOVAN KOZLOWSK  36051200 0000000004000{583273605120
0530003    00380EUR2 00050929825C2281125     NPYM DONOVAN KOZLOWSKI
0530003    00380EUR2 00050929825C2281125     LCCDONOVAN KOZLOWSKI
0530003    00380EUR2 00050929825C2281125     RCNVH533238D53XGA01
0430003661000380EUR2 000509298252828112500281125CARTE X3990 27/11 AMBITION POSE  00010000 0000000000006}
0530003    00380EUR2 0005092982528281125     LIB101533215680100IOPD
0430003661000380EUR2 000509298252828112500281125CARTE X3990 27/11 RATP           00010000 0000000000050}
0530003    00380EUR2 0005092982528281125     LIB110533203292036IOPD
0430003661000380EUR2 000509298252828112500281125CARTE X3990 27/11 PARK EUR C AU  00020000 0000000000054}
0530003    00380EUR2 0005092982528281125     LIB110533202753872IOPD
0430003432000380EUR2 00050929825B12811250028112509XXXXX469   BOUYGUES TELECOM    46093860 0000000000419R5804609386
0530003    00380EUR2 00050929825B1281125     NBEBOUYGUES TELECOM
0530003    00380EUR2 00050929825B1281125     IBEFR35ZZZ418323
0530003    00380EUR2 00050929825B1281125     LCC09XXXXX469
0530003    00380EUR2 00050929825B1281125     RCNPAGP0110DHXQ9C
0430003432000380EUR2 00050929825B12811250028112506XXXXX622   BOUYGUES TELECOM    46094040 0000000000559R5804609404
0530003    00380EUR2 00050929825B1281125     NBEBOUYGUES TELECOM
0530003    00380EUR2 00050929825B1281125     IBEFR35ZZZ418323
0530003    00380EUR2 00050929825B1281125     LCC06XXXXX622
0530003    00380EUR2 00050929825B1281125     RCNPAGP0110DGZIVU
0430003432000380EUR2 00050929825B12811250028112525C0668626   TOYOTA FRANCE FINA  46093950 0000000003399P5804609395
0530003    00380EUR2 00050929825B1281125     NBETOYOTA FRANCE FINANCEMENT-TOYOTA  KREDITBANK GMBH
0530003    00380EUR2 00050929825B1281125     IBEFR36ZZZ433243
0530003    00380EUR2 00050929825B1281125     LCC25C0668626
0530003    00380EUR2 00050929825B1281125     RCNTFF/T001124187/31661802
0730003    00380EUR2 00050929825  281125                                                  0000000043337{
0118206    00377EUR2 65086158880  271125RENAUD MARYVONNE                                  0000000025922I  229
0418206000000377EUR2E6508615888005281125  281125VIR MGEN 0000009570277333256561  1251124100000000001258{
0518206    00377EUR2 6508615888005281125     NPYMGEN
0518206    00377EUR2 6508615888005281125     NBEKAREN JULIARD
0518206    00377EUR2 6508615888005281125     LCC0000009570277333256561251124
0518206    00377EUR2 6508615888005281125     RCN0000009570277333256561251124
0518206    00377EUR2 6508615888005281125     LIBBNPAFRPPXXX
0518206    00377EUR2 6508615888005281125     MMOEUR200000000012580
0418206000000377EUR2E6508615888005281125  281125VIR CPAM DU VAL D OISE 00000095  0251127100000000006878B
0518206    00377EUR2 6508615888005281125     NPYCPAM DU VAL D OISE
0518206    00377EUR2 6508615888005281125     NBEKAREN JULIARD
0518206    00377EUR2 6508615888005281125     LCC0000009570277333308500251127
0518206    00377EUR2 6508615888005281125     RCN0000009570277333308500251127
0518206    00377EUR2 6508615888005281125     LIBBREDFRPPXXX
0518206    00377EUR2 6508615888005281125     MMOEUR200000000068782
0418206000200377EUR2E6508615888002281125  281125REMISE CHQ 2554991               2554991100000000007890G
0418206001500377EUR2E6508615888099281125  071125 REM CHQ   1028046               0000000100000000003097G
0418206000200377EUR2E6508615888002281125  281125REMISE CHQ 2554992               2554992100000000001710{
0718206    00377EUR2 65086158880  281125                                                  0000000046757E
0130004    00171EUR2 00010042687  271125CLUB SMOKI                       COMPTE COURANT   0000000316118H
0430004009900171EUR2 0001004268730281125  2811252811 N.12139 DE 95ANDILLY        312139   0000000000600{   N.COM.4712781
0530004    00171EUR2 0001004268730281125     LIB2811 N.12139 DE 95ANDILLY N.COM.4712781013
0430004056800171EUR2 0001004268718281125  281125CPAM DU VAL D OISE               0000000  0000000001200{0000009510016503
0530004    00171EUR2 0001004268718281125     NPYCPAM DU VAL D OISE
0530004    00171EUR2 0001004268718281125     IPY0                                  BICORBEI
0530004    00171EUR2 0001004268718281125     LCC0000009510016503308500251127
0530004    00171EUR2 0001004268718281125     RCN0000009510016503308500251127       PENS
0530004    00171EUR2 0001004268718281125     PDOFR FRANCE
0430004045100171EUR2 0001004268704281125  28112528/11/25 06H10 G17641A00         0000000  0000000001600{
0430004081300171EUR2 00010042687B1281125  281125PRLV SEPA/BOUYGUES TELECOM              0 0000000002945MFR35ZZZ418323
0530004    00171EUR2 00010042687B1281125     NBEBOUYGUES TELECOM
0530004    00171EUR2 00010042687B1281125     IBEFR35ZZZ418323
0530004    00171EUR2 00010042687B1281125     LCC06XXXXX888
0530004    00171EUR2 00010042687B1281125     RCNPAGP0110DH2F8Q
0530004    00171EUR2 00010042687B1281125     RUM  6S2XQ                            RCUR
0430004009900171EUR2 0001004268730281125  2811252811 N.93937 DE 95ANDILLY        193937   0000000003740{   N.COM.4712782
0530004    00171EUR2 0001004268730281125     LIB2811 N.93937 DE 95ANDILLY N.COM.4712782010
0430004015100171EUR2 0001004268702281125  011225BORDEREAU 09656652               9656652  0000000000600{
0530004    00171EUR2 0001004268702281125     LIBBORDEREAU 09656652
0730004    00171EUR2 00010042687  281125                                                  0000000320913D
0130003    03705EUR2 00120752340  271125NEXTTICK                         COMPTE COURANT   0000000127705N
0430003073003705EUR2 00120752340302811250001122528/11 R03685 CT3627249001        00036850 0000000003213HREMISE CB /
0530003    03705EUR2 0012075234030281125     LIBBT       323 00E COM     1 62E
0430003073003705EUR2 00120752340302811250001122528/11 R10078 CT3627249801        00100780 0000000002955AREMISE CB /
0530003    03705EUR2 0012075234030281125     LIBBT       297 00E COM     1 49E
0430003432003705EUR2 00120752340B128112500281125LA FLEURISTEREDF                 62126870 0000000001677O5606212687
0530003    03705EUR2 00120752340B1281125     NBEEDF
0530003    03705EUR2 00120752340B1281125     IBEFR47EDF001007
0530003    03705EUR2 00120752340B1281125     LCCLA FLEURISTERIE          REF EDF 2995480947 RUM MA970000750140   2025-
0530003    03705EUR2 00120752340B1281125     LC211-28
0730003    03705EUR2 00120752340  281125                                                  0000000123214K
0130004    00890EUR2 00010023753  271125MAITRE FRENKIAN VIRGINIE         COMPTE COURANT   0000000390565H
0730004    00890EUR2 00010023753  281125                                                  0000000390565H
0130003    00352EUR2 00026205700  271125SCI YOL                          COMPTE COURANT   0000000040428I
0430003501000352EUR2 00026205700C228112500271125FCT TCVM NOVECAR COVER JB DEVEL  24024900 0000000120000{583172402490
0530003    00352EUR2 00026205700C2281125     NPYCAR COVER JB DEVELOPPEMENT
0530003    00352EUR2 00026205700C2281125     LCCFCT TCVM NOVEMBRE 2025
0530003    00352EUR2 00026205700C2281125     RCNFCT TCVM NOVEMBRE 2025
0430003501000352EUR2 00026205700C228112500271125MANDAT DE PRECAR COVER JB DEVEL  24010820 0000000048000{583172401082
0530003    00352EUR2 00026205700C2281125     NPYCAR COVER JB DEVELOPPEMENT
0530003    00352EUR2 00026205700C2281125     LCCMANDAT DE PRESIDENCE 11/2025
0530003    00352EUR2 00026205700C2281125     RCNMANDAT DE PRESIDENCE 11/2025
0730003    00352EUR2 00026205700  281125                                                  0000000208428I
0130003    03705EUR2 00020200829  271125TECHNIQUES ET NORMES DE COUVERT  COMPTE COURANT   0000000142598G
0730003    03705EUR2 00020200829  281125                                                  0000000142598G
0130004    00170EUR2 00010025126  271125SCI EMPREINTES                   COMPTE COURANT   0000000860976B
0430004008300170EUR2 0001002512628281125  281125DU 201125 SANEF SENLIS CARTE 49  00000000 0000000000015}74XXXXXXXX7848
0430004008300170EUR2 0001002512628281125  281125DU 131125 ISTANBUL SAINT-OUEN-S  00000000 0000000000145}U CARTE 4974XXXX
0530004    00170EUR2 0001002512628281125     LIBXXXX7848
0430004008300170EUR2 0001002512628281125  281125DU 221125 UEP*DAC 2A DIST BESSA  00000000 0000000000500}NCOURT CARTE 497
0530004    00170EUR2 0001002512628281125     LIB4XXXXXXXX7848
0430004008300170EUR2 0001002512628281125  281125DU 171125 AU BUREAU FRANCONVILL  00000000 0000000000555}E CARTE 4974XXXX
0530004    00170EUR2 0001002512628281125     LIBXXXX7848
0430004008300170EUR2 0001002512628281125  281125DU 071125 UEP*DAC 2A DIST BESSA  00000000 0000000000616JNCOURT CARTE 497
0530004    00170EUR2 0001002512628281125     LIB4XXXXXXXX7848
0430004008300170EUR2 0001002512628281125  281125DU 171125 4887 ERAGNY SUR ERAGN  00000000 0000000000704LY SUR OI CARTE 4
0530004    00170EUR2 0001002512628281125     LIB974XXXXXXXX7848
0430004008300170EUR2 0001002512628281125  281125DU 171125 LEROY MERLIN MONTSOUL  00000000 0000000000755}T CARTE 4974XXXX
0530004    00170EUR2 0001002512628281125     LIBXXXX7848
0430004008300170EUR2 0001002512628281125  281125DU 061125 CLASSICS STOCK CORBEI  00000000 0000000002800}L ESSON CARTE 49
0530004    00170EUR2 0001002512628281125     LIB74XXXXXXXX7848
0430004008300170EUR2 0001002512628281125  281125DU 191125 GENERATION MTEC CARTE  00000000 0000000012000} 4974XXXXXXXX784
0530004    00170EUR2 0001002512628281125     LIB8 FRA 1200 00EUR
0430004008300170EUR2 0001002512628281125  281125DU 271125 SOBRICO TVY TAVERNY C  00000000 0000000016139QARTE 4974XXXXXXX
0530004    00170EUR2 0001002512628281125     LIBX7848
0430004008300170EUR2 0001002512628281125  281125DU 191125 GENERATION MTEC CARTE  00000000 0000000032346Q 4974XXXXXXXX784
0530004    00170EUR2 0001002512628281125     LIB8 FRA 3234 68EUR
0730004    00170EUR2 00010025126  281125                                                  0000000794399B
0118206    00105EUR2 65005236294  271125MADIO                                             0000000015578B  229
0718206    00105EUR2 65005236294  281125        ------------------------------            0000000015578B
0130004    00171EUR2 00010085656  271125** PAS DE MOUVEMENT CE JOUR **                    0000000434588D
0430004056800171EUR2 0001008565618281125  281125CPAM DE L OISE                   0000000  0000000000300{0000009510040013
0530004    00171EUR2 0001008565618281125     NPYCPAM DE L OISE
0530004    00171EUR2 0001008565618281125     IPY0                                  BICORBEI
0530004    00171EUR2 0001008565618281125     LCC0000009510040013304802251127
0530004    00171EUR2 0001008565618281125     RCN0000009510040013304802251127
0530004    00171EUR2 0001008565618281125     PDOFR FRANCE
0430004056800171EUR2 0001008565618281125  281125MGEN                             0000000  0000000000600{0000009510040013
0530004    00171EUR2 0001008565618281125     NPYMGEN
0530004    00171EUR2 0001008565618281125     IPY0                                  BICORBEI
0530004    00171EUR2 0001008565618281125     LCC0000009510040013246511251124
0530004    00171EUR2 0001008565618281125     RCN0000009510040013246511251124
0530004    00171EUR2 0001008565618281125     PDOFR FRANCE
0430004081300171EUR2 00010085656B1281125  281125PRLV SEPA/BOUYGUES TELECOM              0 0000000001493KFR35ZZZ418323
0530004    00171EUR2 00010085656B1281125     NBEBOUYGUES TELECOM
0530004    00171EUR2 00010085656B1281125     IBEFR35ZZZ418323
0530004    00171EUR2 00010085656B1281125     LCC06XXXXX840
0530004    00171EUR2 00010085656B1281125     RCNPAGP0110DGXX6K
0530004    00171EUR2 00010085656B1281125     RUMBTAW0F0L1E134                      RCUR
0430004056800171EUR2 0001008565618281125  281125CPAM DU VAL D OISE               0000000  0000000002600{0000009510040013
0530004    00171EUR2 0001008565618281125     NPYCPAM DU VAL D OISE
0530004    00171EUR2 0001008565618281125     IPY0                                  BICORBEI
0530004    00171EUR2 0001008565618281125     LCC0000009510040013308500251127
0530004    00171EUR2 0001008565618281125     RCN0000009510040013308500251127       PENS
0530004    00171EUR2 0001008565618281125     PDOFR FRANCE
0430004009900171EUR2 0001008565630281125  2811252811 N.60113 DE 95SOISY SOUS MO  260113   0000000002700{   N.COM.4409154
0530004    00171EUR2 0001008565630281125     LIB N.COM.4409154012
0730004    00171EUR2 00010085656  281125                                                  0000000439295B
0130004    00139EUR2 00006258305  271125SC CAE                           COMPTE COURANT   0000000180861E
0730004    00139EUR2 00006258305  281125                                                  0000000180861E
0130004    00171EUR2 00010035422  271125SCI FABRICE                      COMPTE COURANT   0000000032417G
0430004009900171EUR2 0001003542230271125  2811252711 N.18574 DE 95SOISY SOUS MO  218574   0000000001290{   N.COM.4837818
0530004    00171EUR2 0001003542230271125     LIB N.COM.4837818010
0430004009900171EUR2 0001003542230271125  2811252711 N.18102 DE 95SOISY SOUS MO  118102   0000000001500{   N.COM.4786189
0530004    00171EUR2 0001003542230271125     LIB N.COM.4786189013
0430004056800171EUR2 0001003542218281125  281125MGEN                             0000000  0000000000300{0000009511158643
0530004    00171EUR2 0001003542218281125     NPYMGEN
0530004    00171EUR2 0001003542218281125     IPY0                                  BICORBEI
0530004    00171EUR2 0001003542218281125     LCC0000009511158643256511251124
0530004    00171EUR2 0001003542218281125     RCN0000009511158643256511251124
0530004    00171EUR2 0001003542218281125     PDOFR FRANCE
0430004056800171EUR2 0001003542218281125  281125CPAM DU VAL D OISE               0000000  0000000002735{0000009511158643
0530004    00171EUR2 0001003542218281125     NPYCPAM DU VAL D OISE
0530004    00171EUR2 0001003542218281125     IPY0                                  BICORBEI
0530004    00171EUR2 0001003542218281125     LCC0000009511158643298500251127
0530004    00171EUR2 0001003542218281125     RCN0000009511158643298500251127       PENS
0530004    00171EUR2 0001003542218281125     PDOFR FRANCE
0730004    00171EUR2 00010035422  281125                                                  0000000038242G
0130004    00921EUR2 00023069680  271125L'EPICURIEN                      COMPTE COURANT   0000000136957B
0730004    00921EUR2 00023069680  281125                                                  0000000136957B
0130004    02036EUR2 00010184310  271125SCI DU HANGAR                    COMPTE COURANT   0000000982078L
0430004008302036EUR2 0001018431028281125  281125DU 271125 APPLE.COM/BILL CARTE   00000000 0000000000029R4974XXXXXXXX9815
0530004    02036EUR2 0001018431028281125     LIB IRL 2 99EUR
0430004008302036EUR2 0001018431028281125  281125DU 261125 APPLE.COM/BILL CARTE   00000000 0000000000059R4974XXXXXXXX9815
0530004    02036EUR2 0001018431028281125     LIB IRL 5 99EUR
0430004008302036EUR2 0001018431028281125  281125DU 031125 AMAZON PAYMENTS PAYLI  00000000 0000000000099Q2441535/ CARTE 4
0530004    02036EUR2 0001018431028281125     LIB974XXXXXXXX9815
0430004008302036EUR2 0001018431028281125  281125DU 031125 APPLE.COM/BILL CARTE   00000000 0000000000109R4974XXXXXXXX9815
0530004    02036EUR2 0001018431028281125     LIB IRL 10 99EUR
0430004008302036EUR2 0001018431028281125  281125DU 181125 NESPRESSO FRANC PARIS  00000000 0000000000190} CARTE 4974XXXXX
0530004    02036EUR2 0001018431028281125     LIBXXX9815
0430004008302036EUR2 0001018431028281125  281125DU 161125 PAYPAL *ADOBESY LUXEM  00000000 0000000000239RBOURG CARTE 4974
0530004    02036EUR2 0001018431028281125     LIBXXXXXXXX9815
0430004008302036EUR2 0001018431028281125  281125DU 241125 PAYPAL *BCD JEU LUXEM  00000000 0000000000348KBOURG CARTE 4974
0530004    02036EUR2 0001018431028281125     LIBXXXXXXXX9815
0430004008302036EUR2 0001018431028281125  281125DU 241125 PAYPAL *BCD JEU LUXEM  00000000 0000000000348KBOURG CARTE 4974
0530004    02036EUR2 0001018431028281125     LIBXXXXXXXX9815
0430004008302036EUR2 0001018431028281125  281125DU 241125 PAYPAL *BCD JEU LUXEM  00000000 0000000000382KBOURG CARTE 4974
0530004    02036EUR2 0001018431028281125     LIBXXXXXXXX9815
0430004008302036EUR2 0001018431028281125  281125DU 031125 AMAZON PAYMENTS PAYLI  00000000 0000000000424R2441535/ CARTE 4
0530004    02036EUR2 0001018431028281125     LIB974XXXXXXXX9815
0430004008302036EUR2 0001018431028281125  281125DU 151125 PAYPAL *FANATIC LUXEM  00000000 0000000000485}BOURG CARTE 4974
0530004    02036EUR2 0001018431028281125     LIBXXXXXXXX9815
0430004008302036EUR2 0001018431028281125  281125DU 221125 SP BBCHOUPETTE CARTE   00000000 0000000000566J4974XXXXXXXX9815
0530004    02036EUR2 0001018431028281125     LIB CAN 56 61EUR
0430004008302036EUR2 0001018431028281125  281125DU 151125 AMAZON EU SARL PAYLI2  00000000 0000000000599R090401/ CARTE 49
0530004    02036EUR2 0001018431028281125     LIB74XXXXXXXX9815
0430004008302036EUR2 0001018431028281125  281125DU 241125 PAYPAL *VALSPOR LUXEM  00000000 0000000000642PBOURG CARTE 4974
0530004    02036EUR2 0001018431028281125     LIBXXXXXXXX9815
0430004008302036EUR2 0001018431028281125  281125DU 221125 PAYPAL *CLOISON LUXEM  00000000 0000000000698RBOURG CARTE 4974
0530004    02036EUR2 0001018431028281125     LIBXXXXXXXX9815
0430004008302036EUR2 0001018431028281125  281125DU 171125 AMAZON EU SARL PAYLI2  00000000 0000000000714R090401/ CARTE 49
0530004    02036EUR2 0001018431028281125     LIB74XXXXXXXX9815
0430004008302036EUR2 0001018431028281125  281125DU 021125 INDEED IEI25-01 DUBLI  00000000 0000000000719NN CARTE 4974XXXX
0530004    02036EUR2 0001018431028281125     LIBXXXX9815
0430004008302036EUR2 0001018431028281125  281125DU 171125 LA CHAISE L 017269442  00000000 0000000000899O4 CARTE 4974XXXX
0530004    02036EUR2 0001018431028281125     LIBXXXX9815
0430004008302036EUR2 0001018431028281125  281125DU 131125 PAYPAL *DARTY S LUXEM  00000000 0000000002189RBOURG CARTE 4974
0530004    02036EUR2 0001018431028281125     LIBXXXXXXXX9815
0430004008302036EUR2 0001018431028281125  281125DU 151125 PAYPAL *DECATHL LUXEM  00000000 0000000002198JBOURG CARTE 4974
0530004    02036EUR2 0001018431028281125     LIBXXXXXXXX9815
0430004008302036EUR2 0001018431028281125  281125DU 151125 PAYPAL *EZORIGI LUXEM  00000000 0000000002429NBOURG CARTE 4974
0530004    02036EUR2 0001018431028281125     LIBXXXXXXXX9815
0430004008302036EUR2 0001018431028281125  281125DU 141125 PAYPAL *TEMU LUXEMBOU  00000000 0000000002911LRG CARTE 4974XXX
0530004    02036EUR2 0001018431028281125     LIBXXXXX9815
0430004081302036EUR2 00010184310B1281125  281125PRLV SEPA/EDF                           0 0000000004251MFR47EDF001007
0530004    02036EUR2 00010184310B1281125     NBEEDF
0530004    02036EUR2 00010184310B1281125     IBEFR47EDF001007
0530004    02036EUR2 00010184310B1281125     LCCFRATERNITE ST JEAN JEUNE REF EDF 2581562808 RUM MA970001249774   2025-
0530004    02036EUR2 00010184310B1281125     LC211-28
0530004    02036EUR2 00010184310B1281125     RCNZ002581562808 99285 2 FELIX 992
0530004    02036EUR2 00010184310B1281125     RUMMA970001249774                     RCUR
0430004008302036EUR2 0001018431028281125  281125DU 151125 AMAZON PAYMENTS PAYLI  00000000 0000000004380R2441535/ CARTE 4
0530004    02036EUR2 0001018431028281125     LIB974XXXXXXXX9815
0430004008302036EUR2 0001018431028281125  281125DU 291025 INDEED IEI25-01 DUBLI  00000000 0000000005000}N CARTE 4974XXXX
0530004    02036EUR2 0001018431028281125     LIBXXXX9815
0430004008302036EUR2 0001018431028281125  281125DU 181125 INDEED IEI25-01 DUBLI  00000000 0000000005000JN CARTE 4974XXXX
0530004    02036EUR2 0001018431028281125     LIBXXXX9815
0730004    02036EUR2 00010184310  281125                                                  0000001017999}
0130004    00292EUR2 00010101994  271125SCI DU HANGAR                    COMPTE COURANT   0000002692159F
0430004008300292EUR2 0001010199428281125  281125DU 241125 PAYPAL *UBERPAY LUXEM  00000000 0000000000020}BOURG CARTE 4974
0530004    00292EUR2 0001010199428281125     LIBXXXXXXXX6939
0430004008300292EUR2 0001010199428281125  281125DU 201125 LAPOSTE G952190 ERMON  00000000 0000000000041NT CARTE 4974XXXX
0530004    00292EUR2 0001010199428281125     LIBXXXX6939
0430004008300292EUR2 0001010199428281125  281125DU 241125 PANAME BREWING TREMBL  00000000 0000000000058N307122/ CARTE 49
0530004    00292EUR2 0001010199428281125     LIB74XXXXXXXX6939
0430004008300292EUR2 0001010199428281125  281125DU 121125 MCDO MKECH AFRI CARTE  00000000 0000000000092P 4974XXXXXXXX693
0530004    00292EUR2 0001010199428281125     LIB9 MAR 87 00MAD COMMISSION   1 13
0430004008300292EUR2 0001010199428281125  281125DU 311025 RYANAIR CARTE 4974XXX  00000000 0000000000130}XXXXX6939 IRL 13
0530004    00292EUR2 0001010199428281125     LIB 00EUR
0430004008300292EUR2 0001010199428281125  281125DU 301025 MCDO MKECH AFRI CARTE  00000000 0000000000137L 4974XXXXXXXX693
0530004    00292EUR2 0001010199428281125     LIB9 MAR 133 00MAD COMMISSION   1 26
0430004008300292EUR2 0001010199428281125  281125DU 291025 MCDO MKECH AFRI CARTE  00000000 0000000000137Q 4974XXXXXXXX693
0530004    00292EUR2 0001010199428281125     LIB9 MAR 134 00MAD COMMISSION   1 26
0430004008300292EUR2 0001010199428281125  281125DU 111125 MCDO MKECH AFRI CARTE  00000000 0000000000138K 4974XXXXXXXX693
0530004    00292EUR2 0001010199428281125     LIB9 MAR 134 00MAD COMMISSION   1 26
0430004008300292EUR2 0001010199428281125  281125DU 101125 MCDO MKECH AFRI CARTE  00000000 0000000000140J 4974XXXXXXXX693
0530004    00292EUR2 0001010199428281125     LIB9 MAR 136 00MAD COMMISSION   1 26
0430004008300292EUR2 0001010199428281125  281125DU 131125 TRANSAVIA FRANC CARTE  00000000 0000000000155} 4974XXXXXXXX693
0530004    00292EUR2 0001010199428281125     LIB9 FRA 15 50EUR
0430004008300292EUR2 0001010199428281125  281125DU 071125 KAWAA EXPLOIT PARIS C  00000000 0000000000185}ARTE 4974XXXXXXX
0530004    00292EUR2 0001010199428281125     LIBX6939
0430004008300292EUR2 0001010199428281125  281125DU 091125 YA HABBIBI CARTE 4974  00000000 0000000000211OXXXXXXXX6939 MAR
0530004    00292EUR2 0001010199428281125     LIB 210 00MAD COMMISSION   1 47
0430004008300292EUR2 0001010199428281125  281125DU 101125 BFK NEW GUELIZ CARTE   00000000 0000000000211O4974XXXXXXXX6939
0530004    00292EUR2 0001010199428281125     LIB MAR 210 00MAD COMMISSION   1 47
0430004008300292EUR2 0001010199428281125  281125DU 171125 HERBLAY HERBLAY CARTE  00000000 0000000000266} 4974XXXXXXXX693
0530004    00292EUR2 0001010199428281125     LIB9
0430004008300292EUR2 0001010199428281125  281125DU 221125 BUREAU VALLEE ENGHIEN  00000000 0000000000269R LES B CARTE 497
0530004    00292EUR2 0001010199428281125     LIB4XXXXXXXX6939
0430004008300292EUR2 0001010199428281125  281125DU 271125 LES VOLS DALEXI G1K 8  00000000 0000000000360}N1 QUEBE CARTE 4
0530004    00292EUR2 0001010199428281125     LIB974XXXXXXXX6939
0430004008300292EUR2 0001010199428281125  281125DU 111125 RESTAURANT BAGA CARTE  00000000 0000000000370O 4974XXXXXXXX693
0530004    00292EUR2 0001010199428281125     LIB9 MAR 375 00MAD COMMISSION   1 91
0430004008300292EUR2 0001010199428281125  281125DU 181125 SC-O VILLAGE MONTREUI  00000000 0000000000474}L CARTE 4974XXXX
0530004    00292EUR2 0001010199428281125     LIBXXXX6939
0430004008300292EUR2 0001010199428281125  281125DU 081125 PAYPAL *UBERPAY LUXEM  00000000 0000000000509QBOURG CARTE 4974
0530004    00292EUR2 0001010199428281125     LIBXXXXXXXX6939
0430004008300292EUR2 0001010199428281125  281125DU 241125 PAYPAL *UBERPAY LUXEM  00000000 0000000000621OBOURG CARTE 4974
0530004    00292EUR2 0001010199428281125     LIBXXXXXXXX6939
0430004008300292EUR2 0001010199428281125  281125DU 141125 PAYPAL *UBERPAY LUXEM  00000000 0000000000667MBOURG CARTE 4974
0530004    00292EUR2 0001010199428281125     LIBXXXXXXXX6939
0430004008300292EUR2 0001010199428281125  281125DU 121125 M BRICOLAGE MKE CARTE  00000000 0000000000739L 4974XXXXXXXX693
0530004    00292EUR2 0001010199428281125     LIB9 MAR 758 50MAD COMMISSION   2 95
0430004008300292EUR2 0001010199428281125  281125DU 201125 SUSHIPENG ERMONT CART  00000000 0000000000748}E 4974XXXXXXXX69
0530004    00292EUR2 0001010199428281125     LIB39
0430004008300292EUR2 0001010199428281125  281125DU 311025 BELLOVA PKG SOR TILLE  00000000 0000000000990} CARTE 4974XXXXX
0530004    00292EUR2 0001010199428281125     LIBXXX6939
0430004008300292EUR2 0001010199428281125  281125DU 241125 BOOKING.COM AMSTERDAM  00000000 0000000001002J CARTE 4974XXXXX
0530004    00292EUR2 0001010199428281125     LIBXXX6939
0430004008300292EUR2 0001010199428281125  281125DU 231125 CERTAS ESSOF218 EAUBO  00000000 0000000001154ONNE CARTE 4974XX
0530004    00292EUR2 0001010199428281125     LIBXXXXXX6939
0430004008300292EUR2 0001010199428281125  281125DU 181125 KIWI.COM CARTE 4974XX  00000000 0000000002079RXXXXXX6939 CZE 2
0530004    00292EUR2 0001010199428281125     LIB07 99EUR
0430004008300292EUR2 0001010199428281125  281125DU 251125 BKG*HOTEL AT BO CARTE  00000000 0000000002829P 4974XXXXXXXX693
0530004    00292EUR2 0001010199428281125     LIB9 NLD 1302 00MYR COMMISSION   8 84
0430004119400292EUR2 0001010199499281125  281125REMBOURST CB DU 081125 BOOKING.  0000000  0000000002898{COM AMSTERDAM CA
0530004    00292EUR2 0001010199499281125     LIBRTE 4974XXXXXXXX6939
0430004008300292EUR2 0001010199428281125  281125DU 081125 BOOKING.COM AMSTERDAM  00000000 0000000002898} CARTE 4974XXXXX
0530004    00292EUR2 0001010199428281125     LIBXXX6939
0430004119400292EUR2 0001010199499281125  281125REMBOURST CB DU 081125 BOOKING.  0000000  0000000002990{COM AMSTERDAM CA
0530004    00292EUR2 0001010199499281125     LIBRTE 4974XXXXXXXX6939
0430004008300292EUR2 0001010199428281125  281125DU 081125 BOOKING.COM AMSTERDAM  00000000 0000000002990} CARTE 4974XXXXX
0530004    00292EUR2 0001010199428281125     LIBXXX6939
0430004008300292EUR2 0001010199428281125  281125DU 081125 BOOKING.COM AMSTERDAM  00000000 0000000003056O CARTE 4974XXXXX
0530004    00292EUR2 0001010199428281125     LIBXXX6939
0430004008300292EUR2 0001010199428281125  281125DU 071125 TRANSAVIA PARAY VIEIL  00000000 0000000005340}LE CARTE 4974XXX
0530004    00292EUR2 0001010199428281125     LIBXXXXX6939
0430004008300292EUR2 0001010199428281125  281125DU 181125 RUMBO CARTE 4974XXXXX  00000000 0000000007896RXXX6939 ESP 789
0530004    00292EUR2 0001010199428281125     LIB69EUR
0430004052900292EUR2 0001010199421281125  281125/MOTIF PAIE GL NOVEMBRE 2025 /B         0 0000000032357M
0530004    00292EUR2 0001010199421281125     NPYDSIGNS
0530004    00292EUR2 0001010199421281125     NBELABAUNE GILLES
0530004    00292EUR2 0001010199421281125     LCCPAIE GL NOVEMBRE 2025
0530004    00292EUR2 0001010199421281125     RCNPAIE GL NOV 2025
0530004    00292EUR2 0001010199421281125     REFPAIE GL NOV                        PAIE GL NOV
0530004    00292EUR2 0001010199421281125     CBEFR7630004002920000123327488
0730004    00292EUR2 00010101994  281125                                                  0000002628766E
0130004    00993EUR2 00001438802  271125TREXSO                           COMPTE COURANT   0000000009726B
0730004    00993EUR2 00001438802  281125                                                  0000000009726B
0130004    00297EUR2 00010004213  271125EI SALON INES D                  COMPTE COURANT   0000000323395{
0430004008300297EUR2 0001000421328281125  281125DU 211125 DISQUE BLEU EAUBONNE   00000000 0000000000520}CARTE 4974XXXXXX
0530004    00297EUR2 0001000421328281125     LIBXX6947
0430004008300297EUR2 0001000421328281125  281125DU 041125 SIERRA MONTMAGNY CART  00000000 0000000000619RE 4974XXXXXXXX69
0530004    00297EUR2 0001000421328281125     LIB47
0430004008300297EUR2 0001000421328281125  281125DU 181125 SIERRA MONTMAGNY CART  00000000 0000000001269RE 4974XXXXXXXX69
0530004    00297EUR2 0001000421328281125     LIB47
0430004008300297EUR2 0001000421328281125  281125DU 211125 TOTAL ST BRICE SOUS C  00000000 0000000001490OARTE 4974XXXXXXX
0530004    00297EUR2 0001000421328281125     LIBX6947
0430004056800297EUR2 0001000421318281125  281125MR OU MME FRANCOIS WAGMANN       0000000  0000000017902E0320253301513797
0530004    00297EUR2 0001000421318281125     NPYMR OU MME FRANCOIS WAGMANN
0530004    00297EUR2 0001000421318281125     LCCFACTURE 2028
0530004    00297EUR2 0001000421318281125     RCN032025330151379790000001
0530004    00297EUR2 0001000421318281125     PDOFR FRANCE
0730004    00297EUR2 00010004213  281125                                                  0000000337397A
0130004    02036EUR2 00010185240  271125PHARMACIE DE L ALISIER           COMPTE COURANT   0000000027984A
0730004    02036EUR2 00010185240  281125                                                  0000000027984A
0130004    01528EUR2 00010074636  271125SARL PROXI SHOP                  COMPTE COURANT   0000000478398I
0430004052901528EUR2 0001007463621281125  281125/MOTIF NF ER NOV 25 /BEN M EMMA         0 0000000012747K
0530004    01528EUR2 0001007463621281125     NBEM EMMANUEL REMANGEON
0530004    01528EUR2 0001007463621281125     LCCNF ER NOV 25
0730004    01528EUR2 00010074636  281125                                                  0000000465651G
0130004    02036EUR2 00010056855  271125ATELIER 467                      COMPTE COURANT   0000000000000{
0730004    02036EUR2 00010056855  281125                                                  0000000000000{
0130004    00993EUR2 00001435812  271125SC DIOT INVEST                   COMPTE COURANT   0000000050701{
0730004    00993EUR2 00001435812  281125                                                  0000000050701{
0118106    00011EUR2 96754418284  271125CAPCARRERE                       COMPTE COURANT   0000000079906I  229
0418106007800011EUR2E9675441828462271125  281125FRAIS PR L VEMENT IMPAY          0000000100000000000095}
0418106007800011EUR2E9675441828462271125  281125COMMISSION RAPATRIEMENT EURO     0000000100000000000204}
0418106005200011EUR2E9675441828411281125  281125X9315 INTERMARCHE LES VILL 27/1  0000000000000000000646Q
0418106002600011EUR2E9675441828406281125  281125WEB SERVICE DES  IMPOTS BUHA BA  0000000000000000009030}
0518106    00011EUR2 9675441828406281125     NPYS.A.R.L. BUHA BAT
0518106    00011EUR2 9675441828406281125     NBESERVICE DES  IMPOTS DES ENTREPRISES D ANNECY
0518106    00011EUR2 9675441828406281125     RCNBUHA BAT SIREN N  841213804
0518106    00011EUR2 9675441828406281125     LIBAGRIFRPP881
0518106    00011EUR2 9675441828406281125     MMOEUR200000000090300
0518106    00011EUR2 9675441828406281125     CBEFR7830001001364660D05000693
0418106002600011EUR2E96754418284C1281125  281125VIR INST VERS B PROF BATI        0000000000000000020000}
0518106    00011EUR2 96754418284C1281125     NPYS.A.R.L. BUHA BAT
0518106    00011EUR2 96754418284C1281125     NBEB PROF BATI
0518106    00011EUR2 96754418284C1281125     REF                                   C92AE130A5CE46CFB08C82422EAFA268
0518106    00011EUR2 96754418284C1281125     CBEFR7630003018200002002770255
0418106003800011EUR2E9675441828429281125  281125THONES  140558                   0000000000000000019500}
0718106    00011EUR2 96754418284  281125                                                  0000000030431A
0118206    00105EUR2 65011268015  271125EURL PRARELO                     COMPTE COURANT   0000000377260D  229
0418206002600105EUR2E65011268015C1281125  281125VIR INST VERS DAGARD             0000000000000000000868K
0518206    00105EUR2 65011268015C1281125     NPYS.A.S. PEM ARTEMIS PEINTURE
0518206    00105EUR2 65011268015C1281125     NBEDAGARD
0518206    00105EUR2 65011268015C1281125     LCCFAC 45002916
0518206    00105EUR2 65011268015C1281125     REF                                   1E2017D9B6274AE7A951C12A402A192B
0518206    00105EUR2 65011268015C1281125     CBEFR7619506000112812045899177
0718206    00105EUR2 65011268015  281125                                                  0000000376392B
0130056    00811EUR2 08110094606  271125LA PAUSE S'IMPOSE                COMPTE COURANT   0000003232037E
043005600V300811EUR2 0811009460605281125  281125VIREMENT SEPA RECU    YCI9 0268  09026840 0000000011232{
0530056    00811EUR2 0811009460605281125     NPYSTG GARNIER-THIEBAUT
0530056    00811EUR2 0811009460605281125     LCCFAC/2025/24038
0530056    00811EUR2 0811009460605281125     RCN20251127 003 11203 23
043005600W400811EUR2 0811009460605281125  281125VIRT SEPA INST RECU   YCI3 0353  03035330 0000000005760{
0530056    00811EUR2 0811009460605281125     NPYLINVOSGES
0530056    00811EUR2 0811009460605281125     LCCFAC/2024/23721
0530056    00811EUR2 0811009460605281125     RCNNOTPROVIDED
043005600HY00811EUR2 08110094606B1281125  281125PRLV SEPA RECU RCUR   YDI3 0047  03004750 0000000003800}
0530056    00811EUR2 08110094606B1281125     NPYTHALMA TECHNOLOGY THALMA TECHNOLOGY
0530056    00811EUR2 08110094606B1281125     NBESWISSLIFE ASSURANCE ET PATRIMOINE
0530056    00811EUR2 08110094606B1281125     IBEFR71ZZZ299723                      SEPA
0530056    00811EUR2 08110094606B1281125     RUM  04-25-2024373036                 RCUR
0530056    00811EUR2 08110094606B1281125     CPYFR7630056008110811009606411
0530056    00811EUR2 08110094606B1281125     LCCPRE-SWISSLIFE AP-A02
0530056    00811EUR2 08110094606B1281125     RCNKLIFECOL200021025800201232350010095
043005600JA00811EUR2 0811009460662281125  281125FRAIS VIREMENT SEPA   ZVP1 0295  1 029591 0000000000027}
0530056    00811EUR2 0811009460662281125     LIBVIREMENT INSTANT EMIS
0530056    00811EUR2 0811009460662281125     LIBLE 27/11/25 9 OPE
0730056    00811EUR2 08110094606  281125                                                  0000003245202E
0130003    01652EUR2 00027007102  271125SCI GJMF 2                    SCI GJMF 2          0000001222414A
0430003949001652EUR2 000270071022128112500281125000001 VIR EUROPEEN EMIS   NET   85212230 0000000018088R9533217173255
0530003    01652EUR2 0002700710221281125     NBEADELINE GUZAL
0530003    01652EUR2 0002700710221281125     REF SALAIRE DE NOVEMBRE 2025
0530003    01652EUR2 0002700710221281125     LCCSALAIRE DE NOVEMBRE 2025
0530003    01652EUR2 0002700710221281125     BDBCMCIFR2A
0430003949001652EUR2 000270071022128112500281125000001 VIR EUROPEEN EMIS   NET   85207380 0000000040071Q9533217167300
0530003    01652EUR2 0002700710221281125     NBEADRIEN GOMEZ
0530003    01652EUR2 0002700710221281125     REF SALAIRE DE NOVEMBRE 2025
0530003    01652EUR2 0002700710221281125     LCCSALAIRE DE NOVEMBRE 2025
0530003    01652EUR2 0002700710221281125     BDBBNPAFRPP
0430003661001652EUR2 000270071022828112500281125CARTE X5687 27/11 EDENREDPLUS    00010000 0000000004078O
0530003    01652EUR2 0002700710228281125     LIBCOMMERCE ELECTRONIQUE
0430003432001652EUR2 00027007102B12811250028112520251128GROUPAESIO MUTUELLE      66863840 0000000001515}5806686384
0530003    01652EUR2 00027007102B1281125     NBEAESIO MUTUELLE
0530003    01652EUR2 00027007102B1281125     IBEFR29ADR004338
0530003    01652EUR2 00027007102B1281125     LCC20251128GROUPE AESIO  077787352
0530003    01652EUR2 00027007102B1281125     RCN259490749B2940E7A3DE8862D7B816B2
0730003    01652EUR2 00027007102  281125                                                  0000001158659H
0130003    03700EUR2 00020040164  271125SAVANE & MOUSSON STREET FOOD     COMPTE COURANT   0000002425404B
0730003    03700EUR2 00020040164  281125                                                  0000002425404B
0130003    03708EUR2 00020781516  271125EI SALON INES D                  COMPTE COURANT   0000000000919I
0730003    03708EUR2 00020781516  281125                                                  0000000000919I
0130003    01652EUR2 00020660699  271125SCI FABRICE                      COMPTE COURANT   0000000029314N
0430003432001652EUR2 00020660699B128112500281125PRELEVEMENT EGARANCE RETRAITE    95676490 0000000002870}5709567649
0530003    01652EUR2 00020660699B1281125     NBEGARANCE RETRAITE
0530003    01652EUR2 00020660699B1281125     IBEFR50ZZZ88A6F0
0530003    01652EUR2 00020660699B1281125     RCN424987
0530003    01652EUR2 00020660699B1281125     RUMMNRA-480519172C-20140220
0430003432001652EUR2 00020660699B128112500281125PRELEVEMENT EGARANCE RETRAITE    95676580 0000000003216M5709567658
0530003    01652EUR2 00020660699B1281125     NBEGARANCE RETRAITE
0530003    01652EUR2 00020660699B1281125     IBEFR50ZZZ88A6F0
0530003    01652EUR2 00020660699B1281125     RCN417564
0530003    01652EUR2 00020660699B1281125     RUMMNRA-480519172C-20140220
0730003    01652EUR2 00020660699  281125                                                  0000000035400R
0130003    03705EUR2 00020759266  271125PAGE STEPHIE DOMINIQUE           COMPTE COURANT   0000001071700I
0730003    03705EUR2 00020759266  281125                                                  0000001071700I
0130003    03705EUR2 00020754706  271125LE KIOSQUE                       COMPTE COURANT   0000002656194B
0430003501003705EUR2 00020754706C228112500281125COMMANDE 1979MME VALERIANE ROUD  33272960 0000000004339{583273327296
0530003    03705EUR2 00020754706C2281125     NPYMME VALERIANE ROUDAUT
0530003    03705EUR2 00020754706C2281125     LCCCOMMANDE 19794
0530003    03705EUR2 00020754706C2281125     RCNCOMMANDE 19794
0430003073003705EUR2 00020754706302811250028112528/11 R36511 CT3624200001        00365110 0000000034983BREMISE CB /
0530003    03705EUR2 0002075470630281125     LIBBT      3509 47E COM    11 15E
0430003500003705EUR2 00020754706C128112500271125000001 VIR INSTANTANE EMIS NET   24061520 0000000011550O583172406152
0530003    03705EUR2 00020754706C1281125     NBEREMY THIBAULT SG                    28 11 SG 00374 CPT 00050058164
0530003    03705EUR2 00020754706C1281125     REF032025331163745840000000
0530003    03705EUR2 00020754706C1281125     RCNATTIRANCE 10/2025
0530003    03705EUR2 00020754706C1281125     LCCATTIRANCE 10/2025
0530003    03705EUR2 00020754706C1281125     BDBSOGEFRPPXXX
0430003500003705EUR2 00020754706C128112500271125000001 VIR INSTANTANE EMIS NET   24081820 0000000016800}583172408182
0530003    03705EUR2 00020754706C1281125     NBEJPB CONSEILS 2024                   28 11 BQ CRLY CPT 0000073517M
0530003    03705EUR2 00020754706C1281125     REF032025331163761990000000
0530003    03705EUR2 00020754706C1281125     RCNFCT 3EME TRIMESTRE 2025 JPB CONSEIL
0530003    03705EUR2 00020754706C1281125     LCCFCT 3EME TRIMESTRE 2025 JPB CONSEILS
0530003    03705EUR2 00020754706C1281125     BDBCRLYFRPPXXX
0430003500003705EUR2 00020754706C128112500271125000001 VIR INSTANTANE EMIS NET   24010750 0000000048000}583172401075
0530003    03705EUR2 00020754706C1281125     NBETCVM                                28 11 SG 00352 CPT 00026200075
0530003    03705EUR2 00020754706C1281125     REF032025331163714980000000
0530003    03705EUR2 00020754706C1281125     RCNMANDAT DE PRESIDENCE 11/2025
0530003    03705EUR2 00020754706C1281125     LCCMANDAT DE PRESIDENCE 11/2025
0530003    03705EUR2 00020754706C1281125     BDBSOGEFRPPXXX
0430003500003705EUR2 00020754706C128112500271125000001 VIR INSTANTANE EMIS NET   24024740 0000000120000}583172402474
0530003    03705EUR2 00020754706C1281125     NBETCVM                                28 11 SG 00352 CPT 00026200075
0530003    03705EUR2 00020754706C1281125     REF032025331163722230000000
0530003    03705EUR2 00020754706C1281125     RCNFCT TCVM NOVEMBRE 2025
0530003    03705EUR2 00020754706C1281125     LCCFCT TCVM NOVEMBRE 2025
0530003    03705EUR2 00020754706C1281125     BDBSOGEFRPPXXX
0430003949003705EUR2 000207547062128112500281125000001 VIR EUROPEEN EMIS   NET   54786750 0000000013971L9533116373776
0530003    03705EUR2 0002075470621281125     NBEFEUTRIE LEA
0530003    03705EUR2 0002075470621281125     REF PAYE DU 01/11 AU 30/11/2025 FL
0530003    03705EUR2 0002075470621281125     LCCPAYE DU 01/11 AU 30/11/2025 FL
0530003    03705EUR2 0002075470621281125     BDBAGRIFRPP847
0530003    03705EUR2 0002075470621281125     LEM                                   032025331163737760000000 001 VI
0430003432003705EUR2 00020754706B128112500281125ADWORDS 15704GOOGLE IRELAND LIM  30999610 0000000005000}5603099961
0530003    03705EUR2 00020754706B1281125     NBEGOOGLE IRELAND LIMITED
0530003    03705EUR2 00020754706B1281125     IBEIE19ZZZ361694
0530003    03705EUR2 00020754706B1281125     LCCADWORDS 1570477529 GG1046TADN
0530003    03705EUR2 00020754706B1281125     RCNGG1046TADN
0530003    03705EUR2 00020754706B1281125     RUM85187030
0730003    03705EUR2 00020754706  281125                                                  0000002480194E
0130003    01654EUR2 00020900133  271125TREXSO                           COMPTE COURANT   0000000306373B
0430003501001654EUR2 00020900133C228112500281125RAMONAGE CHAUMR CULLIN PATRICK   35602200 0000000002475{583273560220
0530003    01654EUR2 00020900133C2281125     NPYMR CULLIN PATRICK OU
0530003    01654EUR2 00020900133C2281125     LCCRAMONAGE CHAUDIERE ET POELE BOIS
0530003    01654EUR2 00020900133C2281125     RCNFAC 2025 0762
0730003    01654EUR2 00020900133  281125                                                  0000000308848B
0130003    03705EUR2 00020193730  271125MLE  COSPEREC  AUDREY            MLE  AUDREY COSPE0000000084810A
0730003    03705EUR2 00020193730  281125                                                  0000000084810A
0130004    00290EUR2 00010098096  271125CR OPTIQUE                       COMPTE MUTUELLE  0000001007300A
0730004    00290EUR2 00010098096  281125                                                  0000001007300A
0130004    00954EUR2 00010213945  271125SARL SMOKEY BANH MI              COMPTE COURANT   0000000015893B
0430004081300954EUR2 00010213945B1281125  281125PRLV SEPA/SYSCO FRANCE SAS              0 0000000003175OFR63ZZZ429556
0530004    00954EUR2 00010213945B1281125     NBESYSCO FRANCE SAS
0530004    00954EUR2 00010213945B1281125     IBEFR63ZZZ429556
0530004    00954EUR2 00010213945B1281125     LCC/INV/1251997502 29.10.2025
0530004    00954EUR2 00010213945B1281125     RCN1500621969                         OTHR
0530004    00954EUR2 00010213945B1281125     RUM000000240456                       RCUR
0430004081300954EUR2 00010213945B1281125  281125PRLV SEPA/S.A COURTAIS                  0 0000000006832MFR88ZZZ479740
0530004    00954EUR2 00010213945B1281125     NBES.A COURTAIS
0530004    00954EUR2 00010213945B1281125     IBEFR88ZZZ479740
0530004    00954EUR2 00010213945B1281125     LCCPRELEVEMENT FACTURE 25010175 FACTURE CLIENT 04103 OBOJEUX ROYAL KIDS
0530004    00954EUR2 00010213945B1281125     RCNFPRE/251114092704/28112025/15
0530004    00954EUR2 00010213945B1281125     RUM  R799903661------0410300100146    RCUR
0730004    00954EUR2 00010213945  281125                                                  0000000005885B
0130003    03957EUR2 00020613501  271125DOCTEUR ANTOINE HUART            COMPTE COURANT   0000000010296J
0430003661003957EUR2 000206135019928112500281125CARTE X3405 REMBT 27/11 AUTOBAC  00010000 0000000000200{S ROSNY
0430003661003957EUR2 000206135012828112500281125CARTE X3405 27/11 OZLEM SNACK    00010000 0000000000404L
0430003661003957EUR2 000206135012828112500281125CARTE X3405 27/11 AUTOBACS ROSN  00020000 0000000003709NY
0730003    03957EUR2 00020613501  281125                                                  0000000014209R
0130004    00171EUR2 00021524752  271125SARL MM AMENAGEMENT              COMPTE COURANT   0000000251641F
0730004    00171EUR2 00021524752  281125                                                  0000000251641F
0130004    00993EUR2 00010018856  271125AMBULANCES TLS                   COMPTE COURANT   0000000011468E
0430004000100993EUR2 0001001885601281125  271125CHEQUE N.8485039                 84850390 0000000001848}
0730004    00993EUR2 00010018856  281125                                                  0000000009620E
0130004    00171EUR2 00010104672  271125SCI GHTE22600                                     0000000003965P
0730004    00171EUR2 00010104672  281125                                                  0000000003965P
0130004    00890EUR2 00021188093  271125L.I.V.IMMO                       COMPTE COURANT   0000004210212{
0430004008300890EUR2 0002118809328281125  281125DU 271125 GIE INFOGREFFE VINCEN  00000000 0000000000046KNES CARTE 4974XX
0530004    00890EUR2 0002118809328281125     LIBXXXXXX1932
0430004008300890EUR2 0002118809328281125  281125DU 241125 STATIONNEMENT ASNIERE  00000000 0000000000272NS CARTE 4974XXXX
0530004    00890EUR2 0002118809328281125     LIBXXXX1932
0430004008300890EUR2 0002118809328281125  281125DU 221125 SC-REST. WU ASNIERES   00000000 0000000000425}SUR CARTE 4974XX
0530004    00890EUR2 0002118809328281125     LIBXXXXXX1932
0430004081300890EUR2 00021188093B1281125  281125PRLV SEPA/BIEN ICI                      0 0000000003068OFR04ZZZ811537
0530004    00890EUR2 00021188093B1281125     NBEBIEN ICI
0530004    00890EUR2 00021188093B1281125     IBEFR04ZZZ811537
0530004    00890EUR2 00021188093B1281125     LCCIN01-25-088511 BIEN ICI
0530004    00890EUR2 00021188093B1281125     RCNPY291821                           COLL
0530004    00890EUR2 00021188093B1281125     RUM21163                              RCUR
0430004081300890EUR2 00021188093B1281125  281125PRLV SEPA/ADAPT INFORMATIQUE            0 0000000003600}FR53ZZZ480467
0530004    00890EUR2 00021188093B1281125     NBEADAPT INFORMATIQUE
0530004    00890EUR2 00021188093B1281125     IBEFR53ZZZ480467
0530004    00890EUR2 00021188093B1281125     RCNAGENCE CREFIMO LF2528487
0530004    00890EUR2 00021188093B1281125     RUM92012                              RCUR
0730004    00890EUR2 00021188093  281125                                                  0000004202799G
0130004    00369EUR2 00010048264  271125SCI GJMF 2                    SCI GJMF 2          0000000916069H
0430004008300369EUR2 0001004826428281125  281125DU 031125 AMAZON EU SARL PAYLI2  00000000 0000000000059N090401/ CARTE 49
0530004    00369EUR2 0001004826428281125     LIB74XXXXXXXX5907
0430004008300369EUR2 0001004826428281125  281125DU 031125 COJEAN NEUILLY NEUILL  00000000 0000000000096}Y SUR S CARTE 49
0530004    00369EUR2 0001004826428281125     LIB74XXXXXXXX5907
0430004008300369EUR2 0001004826428281125  281125DU 241125 COJEAN NEUILLY NEUILL  00000000 0000000000157}Y SUR S CARTE 49
0530004    00369EUR2 0001004826428281125     LIB74XXXXXXXX5907
0430004008300369EUR2 0001004826428281125  281125DU 011125 GOOGLE GSUITE 2 CARTE  00000000 0000000000194M 4974XXXXXXXX590
0530004    00369EUR2 0001004826428281125     LIB7 FRA 19 44EUR
0430004008300369EUR2 0001004826428281125  281125DU 081125 SPOTIFY FRANCE PARIS   00000000 0000000000212MCARTE 4974XXXXXX
0530004    00369EUR2 0001004826428281125     LIBXX5907
0430004008300369EUR2 0001004826428281125  281125DU 031125 FORF P.STAT WEB RENNE  00000000 0000000000250}S CARTE 4974XXXX
0530004    00369EUR2 0001004826428281125     LIBXXXX5907
0430004008300369EUR2 0001004826428281125  281125DU 121125 AMAZON EU SARL PAYLI2  00000000 0000000000379M090401/ CARTE 49
0530004    00369EUR2 0001004826428281125     LIB74XXXXXXXX5907
0430004008300369EUR2 0001004826428281125  281125DU 291025 T3CA MAISONS LAFFI CA  00000000 0000000000615JRTE 4974XXXXXXXX
0530004    00369EUR2 0001004826428281125     LIB5907
0430004008300369EUR2 0001004826428281125  281125DU 161125 G7 CLICHY CARTE 4974X  00000000 0000000000638}XXXXXXX5907
0430004008300369EUR2 0001004826428281125  281125DU 021125 AMAZON PRIME FR PAYLI  00000000 0000000000699}2469664/ CARTE 4
0530004    00369EUR2 0001004826428281125     LIB974XXXXXXXX5907
0430004008300369EUR2 0001004826428281125  281125DU 311025 CHOCOLAT BEUSSE ABBEV  00000000 0000000000770}ILLE CARTE 4974X
0530004    00369EUR2 0001004826428281125     LIBXXXXXXX5907
0430004008300369EUR2 0001004826428281125  281125DU 251125 LAEDERACH FRANC CARTE  00000000 0000000000797O 4974XXXXXXXX590
0530004    00369EUR2 0001004826428281125     LIB7 FRA 79 76EUR
0430004008300369EUR2 0001004826428281125  281125DU 291025 CERTAS ESSOF222 LA GA  00000000 0000000000823ORENNE CO CARTE 4
0530004    00369EUR2 0001004826428281125     LIB974XXXXXXXX5907
0430004008300369EUR2 0001004826428281125  281125DU 251125 SEPHORA 068 PARIS CAR  00000000 0000000000873}TE 4974XXXXXXXX5
0530004    00369EUR2 0001004826428281125     LIB907
0430004008300369EUR2 0001004826428281125  281125DU 071125 G7 CLICHY CARTE 4974X  00000000 0000000000885}XXXXXXX5907
0430004008300369EUR2 0001004826428281125  281125DU 181125 TOTAL COURBEVOIE CART  00000000 0000000000906JE 4974XXXXXXXX59
0530004    00369EUR2 0001004826428281125     LIB07
0430004008300369EUR2 0001004826428281125  281125DU 301025 INTERMARCHE ABBEVILLE  00000000 0000000001008N CARTE 4974XXXXX
0530004    00369EUR2 0001004826428281125     LIBXXX5907
0430004008300369EUR2 0001004826428281125  281125DU 151125 DUTY FREE DEPAR CARTE  00000000 0000000001393O 4974XXXXXXXX590
0530004    00369EUR2 0001004826428281125     LIB7 SYC 2264 00SCR COMMISSION   4 80
0430004008300369EUR2 0001004826428281125  281125DU 031125 AMAZON EU SARL PAYLI2  00000000 0000000001499R090401/ CARTE 49
0530004    00369EUR2 0001004826428281125     LIB74XXXXXXXX5907
0430004008300369EUR2 0001004826428281125  281125DU 061125 MAISON LAGURE LA GARE  00000000 0000000001810}NNE CO CARTE 497
0530004    00369EUR2 0001004826428281125     LIB4XXXXXXXX5907
0430004008300369EUR2 0001004826428281125  281125DU 131125 KOKOSYE CARTE 4974XXX  00000000 0000000002193RXXXXX5907 SYC 36
0530004    00369EUR2 0001004826428281125     LIB30 00SCR COMMISSION   7 05
0430004008300369EUR2 0001004826428281125  281125DU 141125 KUJTEN 0142365931 CAR  00000000 0000000002630}TE 4974XXXXXXXX5
0530004    00369EUR2 0001004826428281125     LIB907
0430004008300369EUR2 0001004826428281125  281125DU 151125 THE TRAVELLERS CARTE   00000000 0000000005268O4974XXXXXXXX5907
0530004    00369EUR2 0001004826428281125     LIB SYC 8600 00SCR COMMISSION   15 72
0730004    00369EUR2 00010048264  281125                                                  0000000891909B
0130004    00993EUR2 00010007172  271125** PAS DE MOUVEMENT CE JOUR **                    0000002974356L
0430004000100993EUR2 0001000717201281125  271125CHEQUE N.8505599                 85055990 0000000000950}
0430004000100993EUR2 0001000717201281125  271125CHEQUE N.8505600                 85056000 0000000000970K
0730004    00993EUR2 00010007172  281125                                                  0000002976276N
0130004    01877EUR2 00010092069  271125M&P                              COMPTE COURANT   0000000274723A
0430004008301877EUR2 0001009206928281125  281125DU 091125 MICROSOFT*SUBSC CARTE  00000000 0000000000990} 4974XXXXXXXX164
0530004    01877EUR2 0001009206928281125     LIB8 IRL 99 00EUR
0430004009901877EUR2 0001009206930281125  0112252811 N.99004 DE 78TRAPPES        299004   0000000012326{   N.COM.4735881
0530004    01877EUR2 0001009206930281125     LIB2811 N.99004 DE 78TRAPPES N.COM.4735881012
0730004    01877EUR2 00010092069  281125                                                  0000000286059A
0130004    02277EUR2 00010043423  271125GROUPE EMON                      COMPTE COURANT   0000000731376B
0730004    02277EUR2 00010043423  281125                                                  0000000731376B
0130004    02036EUR2 00010059845  271125L ABAT JOUR                      COMPTE COURANT   0000000000000{
0730004    02036EUR2 00010059845  281125                                                  0000000000000{
0130004    02414EUR2 00010263597  271125CITY GIRL                        COMPTE COURANT   0000000001209N
0430004137102414EUR2 0001026359794271125  271125CAT V 0241410250590              0000000  0000000001209E
0730004    02414EUR2 00010263597  281125                                                  0000000000000{
0130004    00947EUR2 00010059474  271125LA FERME                         COMPTE COURANT   0000001798493{
0430004008300947EUR2 0001005947428281125  281125DU 301025 LAPOSTE L951760 CORME  00000000 0000000000159MILLES PA CARTE 4
0530004    00947EUR2 0001005947428281125     LIB974XXXXXXXX7553
0430004008300947EUR2 0001005947428281125  281125DU 051125 TOTAL ARGENTEUIL CART  00000000 0000000000436NE 4974XXXXXXXX75
0530004    00947EUR2 0001005947428281125     LIB53
0430004008300947EUR2 0001005947428281125  281125DU 141125 NESPRESSO PARIS CARTE  00000000 0000000000720} 4974XXXXXXXX755
0530004    00947EUR2 0001005947428281125     LIB3
0730004    00947EUR2 00010059474  281125                                                  0000001797177A
0117515RLV 00092EUR2 08500847725  271125PAGE STEPHIE DOMINIQUE           COMPTE COURANT   0000000456272H        DATALYS
0417515RLV 00092EUR2E0850084772518281125  281125VIR INST M. OUMAR BAH            53188801 0000000000600{
0517515    00092EUR2 0850084772518281125     LIB2533222I40120882          25332P
0517515    00092EUR2 0850084772518281125     NPYM. OUMAR BAH
0517515    00092EUR2 0850084772518281125     NBECMIA ASSOCIATION
0517515    00092EUR2 0850084772518281125     LCC2E PAIMENT INSCRIPTION ADELE BAH DANSE HIP HOP
0517515    00092EUR2 0850084772518281125     RCN032025332171311440000001
0517515    00092EUR2 0850084772518281125     REF                                   +KVIOP583273471889TE
0417515RLV 00092EUR2E0850084772506281125  281125REM VIR SEPA DU 28/11/25         56295510 0000000022126P
0517515    00092EUR2 0850084772506281125     LIBSALAIRES 1125
0517515    00092EUR2 0850084772506281125     NPYCENTRE MUSICAL ET INITIATIVE
0517515    00092EUR2 0850084772506281125     REFSALAIRES 1125
0417515RLV 00092EUR2E0850084772506281125  281125REM VIR SEPA DU 28/11/25         84877800 0000000146073J
0517515    00092EUR2 0850084772506281125     LIBSALAIRES 1125
0517515    00092EUR2 0850084772506281125     NPYCENTRE MUSICAL ET INITIATIVE
0517515    00092EUR2 0850084772506281125     REFSALAIRES 1125
0717515RLV 00092EUR2 08500847725  281125                                                  0000000288673{
0117515RLV 00092EUR2 08500847725  281125PAGE STEPHIE DOMINIQUE           COMPTE COURANT   0000000288673{        DATALYS
0717515RLV 00092EUR2 08500847725  291125                                                  0000000288673{
0118206    00218EUR2 53554641009  271125EKITE                            CCE EKITE        0000000567164B  229
0418206000000218EUR2E53554641009C2281125  281125VIR INST DE STEPHANE CACCIA      0000000100000000001000{
0518206    00218EUR2 53554641009C2281125     NPYSTEPHANE CACCIA
0518206    00218EUR2 53554641009C2281125     NBEMLE JULIEN MARIE
0518206    00218EUR2 53554641009C2281125     LCCSEMELLES OPHELIA CACCIA
0518206    00218EUR2 53554641009C2281125     REF19000000930B200001000000404D5347   9F92FF3501124F37ABDB3BC0832600C2
0518206    00218EUR2 53554641009C2281125     CBEFR7618206002185355464900126
0418206000000218EUR2E5355464100905281125  281125VIR CPAM DU VAL D OISE 00000095  0251127100000000001307{
0518206    00218EUR2 5355464100905281125     NPYCPAM DU VAL D OISE
0518206    00218EUR2 5355464100905281125     NBEJULIEN MARIE
0518206    00218EUR2 5355464100905281125     LCC0000009580827373308500251127
0518206    00218EUR2 5355464100905281125     RCN0000009580827373308500251127
0518206    00218EUR2 5355464100905281125     LIBBREDFRPPXXX
0518206    00218EUR2 5355464100905281125     MMOEUR200000000013070
0718206    00218EUR2 53554641009  281125                                                  0000000569471B
0118206    00130EUR2 65016397705  271125SOCIETE CIVILE IMMOBILIERE IREM  COMPTE COURANT   0000000431169I  229
0718206    00130EUR2 65016397705  281125        ------------------------------            0000000431169I
0118206    00130EUR2 47457671008  271125EIRL M ZHANG MARC                COMPTE COURANT   0000004239632F  229
0418206000000130EUR2E4745767100805281125  281125VIR FATEC GROUP SCT2511FTG13004  3004580100000000012037B
0518206    00130EUR2 4745767100805281125     NPYFATEC GROUP
0518206    00130EUR2 4745767100805281125     NBEGARAGE DES ECOLES
0518206    00130EUR2 4745767100805281125     NPOFATEC GROUP
0518206    00130EUR2 4745767100805281125     NBUGARAGE DES ECOLES
0518206    00130EUR2 4745767100805281125     LCC175028
0518206    00130EUR2 4745767100805281125     RCNSCT2511FTG13004580
0518206    00130EUR2 4745767100805281125     LIBCEPAFRPP131
0518206    00130EUR2 4745767100805281125     MMOEUR200000000120372
0418206000000130EUR2E4745767100805281125  281125VIR TEMSYS 1499816               1499816100000000003092I
0518206    00130EUR2 4745767100805281125     NPYTEMSYS
0518206    00130EUR2 4745767100805281125     NBEGARAGE DES ECOLES
0518206    00130EUR2 4745767100805281125     LCC175864
0518206    00130EUR2 4745767100805281125     RCN1499816
0518206    00130EUR2 4745767100805281125     LIBSOGEFRPPXXX
0518206    00130EUR2 4745767100805281125     MMOEUR200000000030929
0418206000000130EUR2E4745767100805281125  281125VIR MFA TS FACTURE N  176496     0000000100000000013215D
0518206    00130EUR2 4745767100805281125     NPYMFA TS
0518206    00130EUR2 4745767100805281125     NBESAS GARAGE DES ECOLES
0518206    00130EUR2 4745767100805281125     LCCFACTURE N  176496
0518206    00130EUR2 4745767100805281125     RCNFACTURE N  176496
0518206    00130EUR2 4745767100805281125     LIBCCOPFRPPXXX
0518206    00130EUR2 4745767100805281125     MMOEUR200000000132154
0418206000400130EUR2E4745767100830281125  281125CARTE 1073935 001 342401 27/11   0000000100000000007283F
0418206005800130EUR2E4745767100862281125  281125CARTE 1073935 001 342401 27/11   0000000100000000000018K
0418206000400130EUR2E4745767100830281125  281125CARTE 5941175 003 407934 28/11   0000000100000000036095B
0418206005800130EUR2E4745767100862281125  281125CARTE 5941175 003 407934 28/11   0000000100000000000090K
0418206004400130EUR2E4745767100801281125  281125CHEQUE NO 8645596                8645596000000000018527L
0418206000000130EUR2E4745767100805281125  281125VIR CA CONSUMER FINANCE 25331-1  0000000100000000008628A
0518206    00130EUR2 4745767100805281125     NPYCA CONSUMER FINANCE
0518206    00130EUR2 4745767100805281125     NBEGARAGE DES ECOLES
0518206    00130EUR2 4745767100805281125     LCCSOFINCO 99102889052 GARAGE DES ECOLES
0518206    00130EUR2 4745767100805281125     RCN25331-1461005-D058787
0518206    00130EUR2 4745767100805281125     LIBAGRIFRP1ACF
0518206    00130EUR2 4745767100805281125     MMOEUR200000000086281
0418206004400130EUR2E4745767100801281125  281125CHEQUE NO 8645595                8645595000000000005000}
0418206000000130EUR2E4745767100805281125  281125VIR ALPHABET FRANCE FLEET MANAG  5757395100000000002914C
0518206    00130EUR2 4745767100805281125     NPYALPHABET FRANCE FLEET MANAGEMENT
0518206    00130EUR2 4745767100805281125     NBEGARAGE DES ECOLES BESSANCOURT
0518206    00130EUR2 4745767100805281125     RCN25757395
0518206    00130EUR2 4745767100805281125     LIBDEUTFRPPXXX
0518206    00130EUR2 4745767100805281125     MMOEUR200000000029143
0418206004900130EUR2E4745767100811281125  281125DEPENSES CARTE X0912 AU 18/11/2  0000000000000000014264O
0718206    00130EUR2 47457671008  281125                                                  0000004284999{
0118206    00355EUR2 65044069973  271125SNC PERE ET FILS                 COMPTE COURANT   0000000019863F  229
0418206002200355EUR2E6504406997372281125  30112500004248880 30/11/25 INTERETS    0000000100000000000354Q
0418206002200355EUR2E6504406997372281125  30112500004248880 30/11/25 CAPITAL     0000000100000000002880R
0418206005000355EUR2E65044069973B1281125  281125GARANCE                          0000000000000000000081}
0518206    00355EUR2 65044069973B1281125     NBEGARANCE
0518206    00355EUR2 65044069973B1281125     IBEFR75ZZZ508977                      SEPA
0518206    00355EUR2 65044069973B1281125     NPYSARL VIN SUR VIN
0518206    00355EUR2 65044069973B1281125     REF303152342                          2025-11-26-07.49.11.696970
0518206    00355EUR2 65044069973B1281125     RUMMNRA-95A130311S-201711241          RCUR
0518206    00355EUR2 65044069973B1281125     CPYFR7618206003556504406379936
0418206005000355EUR2E65044069973B1281125  281125GARANCE                          0000000000000000000072R
0518206    00355EUR2 65044069973B1281125     NBEGARANCE
0518206    00355EUR2 65044069973B1281125     IBEFR75ZZZ508977                      SEPA
0518206    00355EUR2 65044069973B1281125     NPYSARL VIN SUR VIN
0518206    00355EUR2 65044069973B1281125     REF303152342                          2025-11-26-07.49.11.697003
0518206    00355EUR2 65044069973B1281125     RUMMNRA-95A130312R-201711291          RCUR
0518206    00355EUR2 65044069973B1281125     CPYFR7618206003556504406379936
0418206000400355EUR2E6504406997330281125  281125CARTE 1821721 001 345020 27/11   0000000100000000008550{
0418206005800355EUR2E6504406997362281125  281125CARTE 1821721 001 345020 27/11   0000000100000000000034K
0418206004900355EUR2E6504406997311281125  281125DEPENSES CARTE X9639 AU 18/11/2  0000000000000000017669N
0718206    00355EUR2 65044069973  281125                                                  0000000007320C
0118206    00105EUR2 31536761000  271125AP LESAGE                        COMPTE COURANT   0000000019859E  229
0418206004900105EUR2E3153676100011281125  281125DEPENSES CARTE X3726 AU 18/11/2  0000000000000000008859N
0718206    00105EUR2 31536761000  281125                                                  0000000011000{
0118206    00062EUR2 23356891003  271125SCI GJMF 2                    SCI GJMF 2          0000000034216G  229
0418206005200062EUR2E2335689100311281125  281125CARTE X8748 CERTAS ESSOF207 ARG  0000000000000000001114N
0418206000400062EUR2E2335689100330281125  281125CARTE 1829063 002 279979 27/11   0000000100000000000977C
0418206005800062EUR2E2335689100362281125  281125CARTE 1829063 002 279979 27/11   0000000100000000000003M
0418206004400062EUR2E2335689100301281125  281125CHEQUE NO 2917823/0000000/00000  2917823000000000008231O
0718206    00062EUR2 23356891003  281125                                                  0000000025844E
0130003    03708EUR2 00020103974  271125DECOFOR                          DECOFOR S.A.S    0000000767803{
0430003949003708EUR2 000201039742128112500281125000001 VIR EUROPEEN EMIS   NET   85255680 0000000005688}9533217059402
0530003    03708EUR2 0002010397421281125     NBEABC STAR NET
0530003    03708EUR2 0002010397421281125     REF VIRT FRS
0530003    03708EUR2 0002010397421281125     LCCFACT 25110205
0530003    03708EUR2 0002010397421281125     BDBCEPAFRPP627
0730003    03708EUR2 00020103974  281125                                                  0000000762115{
0130003    00716EUR2 00020134908  271125CAUVALEX MANUTENTION             COMPTE COURANT   0000003886413B
0430003219000716EUR2 000201349081828112500281125FA7750 APPROCSOCIETE LYONNAISE   00000000 0000000076087G5990772397S
0530003    00716EUR2 0002013490818281125     NPYSOCIETE LYONNAISE DE FONTE
0530003    00716EUR2 0002013490818281125     LCCFA7750 APPROCAST SOCIETE LYONNAISE DE FONTE PP30220803
0530003    00716EUR2 0002013490818281125     RCNPP30220803
0430003284000716EUR2 000201349081828112500281125FA7731       MANUFACTURE JOAILL  00000000 0000000041786H5987425009S
0530003    00716EUR2 0002013490818281125     NPYMANUFACTURE JOAILLIERE SUISSE SA
0530003    00716EUR2 0002013490818281125     LCCFA7731
0530003    00716EUR2 0002013490818281125     RCN104313640
0530003    00716EUR2 0002013490818281125     PDOCH SUISSE
0430003219000716EUR2 000201349081828112500281125INVOICE FA775DESRUES             00000000 0000000024120{5987259420S
0530003    00716EUR2 0002013490818281125     NPYDESRUES
0530003    00716EUR2 0002013490818281125     LCCINVOICE FA7756 2025-10-30 PAYMENT AMT 2412.00 EUR
0530003    00716EUR2 0002013490818281125     RCN00800006560000100011
0530003    00716EUR2 0002013490818281125     IPY48331518852
0430003219000716EUR2 000201349081828112500281125APPROCAST    MONOT               00000000 0000000012238B5984578797S
0530003    00716EUR2 0002013490818281125     NPYMONOT
0530003    00716EUR2 0002013490818281125     LCCAPPROCAST
0530003    00716EUR2 0002013490818281125     RCNFA7764
0530003    00716EUR2 0002013490818281125     IPY32614482100062
0430003284000716EUR2 000201349081828112500281125FA7773       MANUFACTURE JOAILL  00000000 0000000012129E5987425081S
0530003    00716EUR2 0002013490818281125     NPYMANUFACTURE JOAILLIERE SUISSE SA
0530003    00716EUR2 0002013490818281125     LCCFA7773
0530003    00716EUR2 0002013490818281125     RCN104313641
0530003    00716EUR2 0002013490818281125     PDOCH SUISSE
0430003219000716EUR2 000201349081828112500281125VIR RECU     CHARLES PERROUD     00000000 0000000007049D5987819459S
0530003    00716EUR2 0002013490818281125     NPYCHARLES PERROUD
0530003    00716EUR2 0002013490818281125     RCNNOT-PROVIDED
0430003661000716EUR2 000201349082828112500281125CARTE X6915 27/11 REL. CHAUMONT  00010000 0000000000770OEL
0430003432000716EUR2 00020134908B128112500281125EM00201951521LIXXBAIL            54469170 0000000017763Q5205446917
0530003    00716EUR2 00020134908B1281125     NBELIXXBAIL
0530003    00716EUR2 00020134908B1281125     IBEFR32ZZZ159484
0530003    00716EUR2 00020134908B1281125     LCCEM002019515218074BP0              49580312
0530003    00716EUR2 00020134908B1281125     RCN49580312                   251121
0730003    00716EUR2 00020134908  281125                                                  0000004041290D
0130003    03735EUR2 00020069583  271125L'ETINCELLE                      COMPTE COURANT   0000000498820C
0730003    03735EUR2 00020069583  281125                                                  0000000498820C
0130003    03700EUR2 00020042064  271125ABC TELECOM                      COMPTE COURANT   0000000145871F
0430003219003700EUR2 000200420641828112500281125SOA 2 FACT 25SOA                 00000000 0000000012870{5890734939S
0530003    03700EUR2 0002004206418281125     NPYSOA
0530003    03700EUR2 0002004206418281125     LCCSOA 2 FACT 25091628 25101645
0530003    03700EUR2 0002004206418281125     RCNDUCHATEAU FAC 25091628 25101645
0730003    03700EUR2 00020042064  281125                                                  0000000158741F
0130003    03733EUR2 00020249977  271125SAS NOOSA PIZZA   SERVAIS INGRID COMPTE COURANT   0000000988208D
0730003    03733EUR2 00020249977  281125                                                  0000000988208D
0130003    03705EUR2 00020750614  271125AGP RENOVATION                   COMPTE COURANT   0000020343327H
0430003219003705EUR2 0002075061418281125002811258376/8411 EMMCAI-PM              00000000 0000000014685{5980185933S
0530003    03705EUR2 0002075061418281125     NPYCAI-PM
0530003    03705EUR2 0002075061418281125     LCC8376/8411 EMMA PARK
0530003    03705EUR2 0002075061418281125     RCNALTAIX-VIR-00079576-00110-EIH
0430003949003705EUR2 000207506142128112500281125000001 VIR EUROPEEN EMIS   NET   67096760 0000000000170K9533116095734
0530003    03705EUR2 0002075061421281125     NBERESISTEX
0530003    03705EUR2 0002075061421281125     REF RESISTEX-FAC2025RX18051
0530003    03705EUR2 0002075061421281125     LCCRESISTEX-FAC2025RX18051
0530003    03705EUR2 0002075061421281125     BDBCCOPFRPP
0430003949003705EUR2 000207506142128112500281125000001 VIR EUROPEEN EMIS   NET   67096800 0000000001061O9533116098728
0530003    03705EUR2 0002075061421281125     NBEAMAZON PAYMENTS EUROPE
0530003    03705EUR2 0002075061421281125     REF AMAZON-FACT A ECH 30-11
0530003    03705EUR2 0002075061421281125     LCCAMAZON-FACT A ECH 30-11
0530003    03705EUR2 0002075061421281125     BDBDEUTGB2L
0430003949003705EUR2 000207506142128112500281125000001 VIR EUROPEEN EMIS   NET   67096840 0000000001411R9533116102384
0530003    03705EUR2 0002075061421281125     NBESAS EKLOR
0530003    03705EUR2 0002075061421281125     REF EKLOR-FA054542
0530003    03705EUR2 0002075061421281125     LCCEKLOR-FA054542
0530003    03705EUR2 0002075061421281125     BDBCEPAFRPP333
0430003949003705EUR2 000207506142128112500281125000001 VIR EUROPEEN EMIS   NET   67096750 0000000001593M9533116095097
0530003    03705EUR2 0002075061421281125     NBEYESSS ELECTRIQUE
0530003    03705EUR2 0002075061421281125     REF YESS-ARG041588
0530003    03705EUR2 0002075061421281125     LCCYESS-ARG041588
0530003    03705EUR2 0002075061421281125     BDBSOGEFRPP
0430003949003705EUR2 000207506142128112500281125000001 VIR EUROPEEN EMIS   NET   67096830 0000000002403}9533116101119
0530003    03705EUR2 0002075061421281125     NBENORAUTO
0530003    03705EUR2 0002075061421281125     REF NORAUTO-FL1196683
0530003    03705EUR2 0002075061421281125     LCCNORAUTO-FL1196683
0530003    03705EUR2 0002075061421281125     BDBSOGEFRPP
0430003949003705EUR2 000207506142128112500281125000001 VIR EUROPEEN EMIS   NET   67096810 0000000006615}9533116099418
0530003    03705EUR2 0002075061421281125     NBEEURETUDE / NATIXIS FACTOR
0530003    03705EUR2 0002075061421281125     REF EURETUDES-20051505
0530003    03705EUR2 0002075061421281125     LCCEURETUDES-20051505
0530003    03705EUR2 0002075061421281125     BDBNATXFRPP
0430003949003705EUR2 000207506142128112500281125000001 VIR EUROPEEN EMIS   NET   67096850 0000000006770R9533116103010
0530003    03705EUR2 0002075061421281125     NBEDESCOURS ET CABAUD
0530003    03705EUR2 0002075061421281125     REF PROLIANS-4S108094
0530003    03705EUR2 0002075061421281125     LCCPROLIANS-4S108094
0530003    03705EUR2 0002075061421281125     BDBSOGEFRPP
0430003949003705EUR2 000207506142128112500281125000001 VIR EUROPEEN EMIS   NET   67096770 0000000009997J9533116096352
0530003    03705EUR2 0002075061421281125     NBELEONARD DANIEL
0530003    03705EUR2 0002075061421281125     REF LEONARD DANIEL-10-035251
0530003    03705EUR2 0002075061421281125     LCCLEONARD DANIEL-10-035251
0530003    03705EUR2 0002075061421281125     BDBBNPAFRPP
0430003949003705EUR2 000207506142128112500281125000001 VIR EUROPEEN EMIS   NET   67096740 0000000011119O9533116094387
0530003    03705EUR2 0002075061421281125     NBE3CCLIM
0530003    03705EUR2 0002075061421281125     REF 3C CLIM-1655007-1652577-1655712
0530003    03705EUR2 0002075061421281125     LCC3C CLIM-1655007-1652577-1655712
0530003    03705EUR2 0002075061421281125     BDBBNPAFRPP
0430003949003705EUR2 000207506142128112500281125000001 VIR EUROPEEN EMIS   NET   67096730 0000000018840}9533116092890
0530003    03705EUR2 0002075061421281125     NBEAVS
0530003    03705EUR2 0002075061421281125     REF AVS-10976
0530003    03705EUR2 0002075061421281125     LCCAVS-10976
0530003    03705EUR2 0002075061421281125     BDBAGRIFRPP887
0430003949003705EUR2 000207506142128112500281125000001 VIR EUROPEEN EMIS   NET   67096790 0000000038523M9533116097773
0530003    03705EUR2 0002075061421281125     NBELTB FRANCE
0530003    03705EUR2 0002075061421281125     REF LTB-FCV25-13594
0530003    03705EUR2 0002075061421281125     LCCLTB-FCV25-13594
0530003    03705EUR2 0002075061421281125     BDBCCBPFRPPMTG
0430003949003705EUR2 000207506142128112500281125000001 VIR EUROPEEN EMIS   NET   67096860 0000000039909J9533116105344
0530003    03705EUR2 0002075061421281125     NBETC CONCEPT
0530003    03705EUR2 0002075061421281125     REF TC CONCEPT-661234-661235-236-237
0530003    03705EUR2 0002075061421281125     LCCTC CONCEPT-661234-661235-236-237
0530003    03705EUR2 0002075061421281125     BDBCEPAFRPP382
0430003949003705EUR2 000207506142128112500281125000001 VIR EUROPEEN EMIS   NET   67096780 0000000146328J9533116097119
0530003    03705EUR2 0002075061421281125     NBELEGALLAIS
0530003    03705EUR2 0002075061421281125     REF LEGALLAIS-FACT A ECH 30-11
0530003    03705EUR2 0002075061421281125     LCCLEGALLAIS-FACT A ECH 30-11
0530003    03705EUR2 0002075061421281125     BDBPSSTFRPPROU
0430003949003705EUR2 000207506142128112500281125000001 VIR EUROPEEN EMIS   NET   67096820 0000000173828Q9533116099972
0530003    03705EUR2 0002075061421281125     NBECA LEASING PR GEM FRANCE
0530003    03705EUR2 0002075061421281125     REF GEM FRANCE-FACT A ECH 30-11
0530003    03705EUR2 0002075061421281125     LCCGEM FRANCE-FACT A ECH 30-11
0530003    03705EUR2 0002075061421281125     BDBAGRIFRP1EFG
0430003900003705EUR2 000207506146228112500271125FRAIS VIREMENT SEPA ELEC. PGN    00000001 0000000000005}
0530003    03705EUR2 0002075061462281125     LIBREF STP
0530003    03705EUR2 0002075061462281125     LIB2 VIRT       A   0 25 EUR NT
0730003    03705EUR2 00020750614  281125                                                  0000019899435G
0130003    03540EUR2 00020324448  271125SCI LES PETITS PRES              COMPTE COURANT   0000000147568G
0430003188003540EUR2 000203244486228112500271125FRAIS PAIEMENT HORS ZONE EURO    00000001 0000000000012N
0530003    03540EUR2 0002032444862281125     LIBCARTE X4740
0530003    03540EUR2 0002032444862281125     LIB25/11 100 00 MAD MAROC
0430003188003540EUR2 000203244486228112500271125FRAIS PAIEMENT HORS ZONE EURO    00000001 0000000000016N
0530003    03540EUR2 0002032444862281125     LIBCARTE X4740
0530003    03540EUR2 0002032444862281125     LIB24/11 256 00 MAD MAROC
0430003662003540EUR2 000203244482828112500281125CARTE X4740 25/11 KENZI BAR SKY  00010000 0000000000546O 28
0530003    03540EUR2 0002032444828281125     LIB582 00 MAD MAROC
0530003    03540EUR2 0002032444828281125     LIB1 EUR=10 647 MAD
0430003660003540EUR2 000203244482928112500281125CARTE X4740 RETRAIT DAB ETRANGE  00020000 0000000002174MR 26/11
0530003    03540EUR2 0002032444829281125     LIBBD MOHAMED ZERKTOUNI T C
0530003    03540EUR2 0002032444829281125     LIB217 44 EUR MAROC
0730003    03540EUR2 00020324448  281125                                                  0000000144818G