0114806    58000EUR2 67138520009  011225EMON RESTAURANT DU LAC B         COMPTE COURANT   0000000289118F  231
0414806005258000EUR2E6713852000911021225  021225CARTE X9496 OPISTO 31 TOULOUSE   0000000000000000001055}
0714806    58000EUR2 67138520009  021225                                                  0000000288063F
0110206    02243EUR2 91507060456  011225SARL DERICE                      COMPTE COURANT   0000000136923G  231
0710206    02243EUR2 91507060456  021225        ------------------------------            0000000136923G
0114806    58000EUR2 70007289200  011225LK DEVELOPPEMENT                 COMPTE COURANT   0000000036743A  231
0714806    58000EUR2 70007289200  021225        ------------------------------            0000000036743A
0118706    00000EUR2 72175318303  011225CLUB SMOKI                       COMPTE COURANT   0000010155389D  231
0718706    00000EUR2 72175318303  021225        ------------------------------            0000010155389D
0117906    00112EUR2 06040581006  011225ME ACKER PAULINE EI              COMPTE COURANT   0000000027931A  167
0417906004400112EUR2E0604058100601021225  021225CHEQUE NO 6987911                6987911000000000003586}
0717906    00112EUR2 06040581006  021225                                                  0000000024345A
0114806    18000EUR2 72034293255  011225SCI JMCH GROUPE LEMOINE          COMPTE COURANT   0000000003505H  231
0714806    18000EUR2 72034293255  021225        ------------------------------            0000000003505H
0114806    58000EUR2 72032793543  011225EKITE                            CCE EKITE        0000000012383G  231
0414806005058000EUR2E72032793543B1021225  021225SWILE                            0000000000000000000073O
0514806    58000EUR2 72032793543B1021225     NBESWILE
0514806    58000EUR2 72032793543B1021225     IBEFR74ZZZ838795                      SEPA
0514806    58000EUR2 72032793543B1021225     NPYSARL JENNIFER BONFILS
0514806    58000EUR2 72032793543B1021225     REF303475120                          6A3B95ABD2F74348A0589E91572B0DC8
0514806    58000EUR2 72032793543B1021225     LCCSWILE TRANSFER-31085-8050840
0514806    58000EUR2 72032793543B1021225     RUMSWILE-88126320600016-161120        RCUR
0514806    58000EUR2 72032793543B1021225     CPYFR7614806580007203279345380
0414806007858000EUR2E7203279354362301125  021225FRAIS FACTURE CR DIT AGRICOLE 2  0000000100000000000332}
0414806000458000EUR2E7203279354330021225  021225CARTE 2511502 001 871457 02/12   0000000100000000000502{
0414806005858000EUR2E7203279354362021225  021225CARTE 2511502 001 871457 02/12   0000000100000000000001P
0414806000458000EUR2E7203279354330021225  021225CARTE 2511495 001 871954 02/12   0000000100000000001843{
0414806005858000EUR2E7203279354362021225  021225CARTE 2511495 001 871954 02/12   0000000100000000000006Q
0714806    58000EUR2 72032793543  021225                                                  0000000014314F
0120041    01012EUR2 3926311330V  011225IMMO'CONSTAT                     COMPTE COURANT   0000001082906B
0420041472101012EUR2E3926311330VB1021225  021225DOM      SDDCORE                 00000001 0000000000290R
0520041    01012EUR2 3926311330VB1021225     RUM++MA2001274320                     RCUR
0520041    01012EUR2 3926311330VB1021225     NBEEDF
0520041    01012EUR2 3926311330VB1021225     IBEFR47EDF001007
0520041    01012EUR2 3926311330VB1021225     LCCFORMAN                   Ref EDF:5772645830 RUM:++MA2001274320 ? 2025-
0520041    01012EUR2 3926311330VB1021225     LC212-02
0520041    01012EUR2 3926311330VB1021225     RCNZ005772645830 99285 2   FELIX   992
0720041    01012EUR2 3926311330V  021225                                                  0000001082615C0000000000000{
0116275RLV 10700EUR2 08000884757  011225SAS CASTAING                     COMPTE COURANT   0000000313060C        DATALYS
0416275RLV 10700EUR2E08000884757B1021225  011225*FRMCC0137421METRO FRANCE S.A.S  19066681 0000000004937L
0516275    10700EUR2 08000884757B1021225     LIB*FRMCC0137421METRO FRANCE S.A.S
0516275    10700EUR2 08000884757B1021225     NPYPOYO
0516275    10700EUR2 08000884757B1021225     LCC/INV/0064.011352
0516275    10700EUR2 08000884757B1021225     RCN03811237792026                     TRAD
0516275    10700EUR2 08000884757B1021225     RUMFRMCC013742146001                  RCUR
0516275    10700EUR2 08000884757B1021225     CPYFR7616275107000800088757446
0516275    10700EUR2 08000884757B1021225     NBEMETRO FRANCE S.A.S. METRO FRANCE
0516275    10700EUR2 08000884757B1021225     IBEFR17ZZZ452888                      SEPA
0416275RLV 10700EUR2E0800088475730021225  021225CB POYO              011225      01460811 0000000000590{
0516275    10700EUR2 0800088475730021225     LIBCONTRAT 8123734     REM 146081
0416275RLV 10700EUR2E08000884757B1021225  021225*MANDAT NO CLDISTRISAVEURS       37587521 0000000002187K
0516275    10700EUR2 08000884757B1021225     LIB*MANDAT NO CLDISTRISAVEURS
0516275    10700EUR2 08000884757B1021225     NPYPOYO
0516275    10700EUR2 08000884757B1021225     LCCMOTIF
0516275    10700EUR2 08000884757B1021225     RCNPREL. DU 30/11/2025       218.72
0516275    10700EUR2 08000884757B1021225     RUMMANDAT NO CL1689                   RCUR
0516275    10700EUR2 08000884757B1021225     CPYFR7616275107000800088757446
0516275    10700EUR2 08000884757B1021225     NBEDISTRISAVEURS
0516275    10700EUR2 08000884757B1021225     IBEFR15ZZZ83749E                      SEPA
0416275RLV 10700EUR2E08000884757B1021225  021225*SWILE-982114SWILE               37612271 0000000000223O
0516275    10700EUR2 08000884757B1021225     LIB*SWILE 982114SWILE
0516275    10700EUR2 08000884757B1021225     NPYSAS POYO
0516275    10700EUR2 08000884757B1021225     LCCSWILE TRANSFER 192546 8123471
0516275    10700EUR2 08000884757B1021225     RCN47737063442D43B19EA86E9B5DC2A4D1
0516275    10700EUR2 08000884757B1021225     RUMSWILE 98211429000025 200624        RCUR
0516275    10700EUR2 08000884757B1021225     CPYFR7616275107000800088757446
0516275    10700EUR2 08000884757B1021225     NBESWILE
0516275    10700EUR2 08000884757B1021225     IBEFR74ZZZ838795                      SEPA
0416275RLV 10700EUR2E08000884757B1021225  021225*0067        SARL IFOODELIVERY   37601131 0000000000949K
0516275    10700EUR2 08000884757B1021225     LIB*0067        SARL IFOODELIVERY
0516275    10700EUR2 08000884757B1021225     NPYPOYO LILLE
0516275    10700EUR2 08000884757B1021225     LCCPRELEVEMENT IFOODELIVERY
0516275    10700EUR2 08000884757B1021225     RCN011125
0516275    10700EUR2 08000884757B1021225     RUM0067                               RCUR
0516275    10700EUR2 08000884757B1021225     CPYFR7616275107000800088757446
0516275    10700EUR2 08000884757B1021225     NBESARL IFOODELIVERY
0516275    10700EUR2 08000884757B1021225     IBEFR41ZZZ888F62                      SEPA
0416275RLV 10700EUR2E0800088475707021225  021225LCR 291590 RLV 00000044          19108480 0000000010672J
0516275    10700EUR2 0800088475707021225     LIBS A S MARCOVA  M
0416275RLV 10700EUR2E0800088475762021225  021225*CB COM POYO 011225              16464361 0000000000002J
0516275    10700EUR2 0800088475762021225     LIBCONTRAT 8123734 REM 146081
0716275RLV 10700EUR2 08000884757  021225                                                  0000000294678H
0112135RLV 00300EUR2 08003951217  011225SCI MID PASSEL                   COMPTE COURANT   0000000429157A        DATALYS
0712135RLV 00300EUR2 08003951217  021225                                                  0000000429157A
0114806    58000EUR2 70081166873  011225DOCTEUR AUDREY MARQUET           COMPTE COURANT   0000000004266G  231
0714806    58000EUR2 70081166873  021225        ------------------------------            0000000004266G
0114806    58000EUR2 70033968222  011225SCI DE L'ATELIER                 COMPTE COURANT   0000001020527I  231
0414806007858000EUR2E7003396822262301125  021225FRAIS FACTURE CR DIT AGRICOLE 2  0000000100000000000132}
0414806005258000EUR2E7003396822211021225  021225CARTE X6559 LAPOSTE G581940 NEV  0000000000000000000165Q
0414806000058000EUR2E7003396822205021225  021225LB ACCESS FAC 6796               0000000100000000011400{
0514806    58000EUR2 7003396822205021225     NPYS.A.S.   LB ACCESS
0514806    58000EUR2 7003396822205021225     NBEMAITRE MURIEL POTIER
0514806    58000EUR2 7003396822205021225     LCCFAC 6796
0514806    58000EUR2 7003396822205021225     RCNVIREMENT 02122025-102217 000001
0514806    58000EUR2 7003396822205021225     REFVIREMENT 02122025-102144
0514806    58000EUR2 7003396822205021225     LIBVIREMENT 02122025-102144           AGRIFRPP848C01202512021047213679713
0514806    58000EUR2 7003396822205021225     LIBAGRIFRPP848
0514806    58000EUR2 7003396822205021225     MMOEUR200000000114000
0514806    58000EUR2 7003396822205021225     CBEFR7614806580007003396222824
0414806000058000EUR2E7003396822205021225  0212256807/25 S.A.S.   ENTREPRISE DES  0000000100000000005158{
0514806    58000EUR2 7003396822205021225     NPYS.A.S.   ENTREPRISE DESBOIS
0514806    58000EUR2 7003396822205021225     NBEPOTIER
0514806    58000EUR2 7003396822205021225     RCN6807/25
0514806    58000EUR2 7003396822205021225     LIBAGRIFRPP848
0514806    58000EUR2 7003396822205021225     MMOEUR200000000051580
0514806    58000EUR2 7003396822205021225     CBEFR7614806580007003396222824
0414806005258000EUR2E7003396822211021225  021225CARTE X6559 JUSTICETIMBRENET 75  0000000000000000002250}
0714806    58000EUR2 70033968222  021225                                                  0000001034538A
0113807    00742EUR2 32221266735  011225BEAUCE TOURAINE                                   0000000057589C
0713807    00742EUR2 32221266735  021225                                                  0000000057589C
0113807    00742EUR2 11021098746  011225CITY GIRL                        COMPTE COURANT   0000000014011{
0713807    00742EUR2 11021098746  021225                                                  0000000014011{
0111315RLV 00001EUR2 08032089521  011225DUMAS JULIETTE                                    0000000076638E        DATALYS
0711315RLV 00001EUR2 08032089521  021225                                                  0000000076638E
0120041    01003EUR2 0659793420Y  011225IMMO'CONSTAT                     COMPTE COURANT   0000001063330I
0420041472101003EUR2E0659793420YB1021225  021225DOM      SDDCORE                 00000000 0000000000138M
0520041    01003EUR2 0659793420YB1021225     RUMswile-82202866800017-240724        RCUR
0520041    01003EUR2 0659793420YB1021225     NBESwile
0520041    01003EUR2 0659793420YB1021225     IBEFR74ZZZ838795
0520041    01003EUR2 0659793420YB1021225     LCCSwile Transfer-200000-8127677
0520041    01003EUR2 0659793420YB1021225     RCNfe222898a38b44e0a317d7ca9fbb7611
0420041751101003EUR2E0659793420Y30021225  021225CREDIT CARTE BANCAIRE            00286371 0000000000176{
0520041    01003EUR2 0659793420Y30021225     MMOEUR200000000001760
0520041    01003EUR2 0659793420Y30021225     LIBREMISE 028637 DE     5 OPE
0520041    01003EUR2 0659793420Y30021225     LIBFOURNIL FRS CHX  MONTLUCON
0420041751101003EUR2E0659793420Y30021225  021225CREDIT CARTE BANCAIRE            00334691 0000000000450{
0520041    01003EUR2 0659793420Y30021225     MMOEUR200000000004500
0520041    01003EUR2 0659793420Y30021225     LIBREMISE 033469 DE     7 OPE
0520041    01003EUR2 0659793420Y30021225     LIBFOURNIL FRS CHX  MONTLUCON
0420041751101003EUR2E0659793420Y30021225  021225CREDIT CARTE BANCAIRE            00098771 0000000005147{
0520041    01003EUR2 0659793420Y30021225     MMOEUR200000000051470
0520041    01003EUR2 0659793420Y30021225     LIBREMISE 009877 DE    86 OPE
0520041    01003EUR2 0659793420Y30021225     LIBFOURNIL FRS CHX  MONTLUCON
0420041751101003EUR2E0659793420Y30021225  021225CREDIT CARTE BANCAIRE            00818851 0000000007737A
0520041    01003EUR2 0659793420Y30021225     MMOEUR200000000077371
0520041    01003EUR2 0659793420Y30021225     LIBREMISE 081885 DE   134 OPE
0520041    01003EUR2 0659793420Y30021225     LIBFOURNIL FRS CHX  MONTLUCON
0420041425201003EUR2E0659793420Y62021225  021225DEBIT CARTE BANCAIRE             00286371 0000000000000M
0520041    01003EUR2 0659793420Y62021225     MMOEUR200000000000004
0520041    01003EUR2 0659793420Y62021225     LIBCOMMIS REMISE 028637 DE     5 F
0520041    01003EUR2 0659793420Y62021225     LIBFOURNIL FRS CHX  MONTLUCON
0420041425201003EUR2E0659793420Y62021225  021225DEBIT CARTE BANCAIRE             00334691 0000000000001}
0520041    01003EUR2 0659793420Y62021225     MMOEUR200000000000010
0520041    01003EUR2 0659793420Y62021225     LIBCOMMIS REMISE 033469 DE     7 F
0520041    01003EUR2 0659793420Y62021225     LIBFOURNIL FRS CHX  MONTLUCON
0420041425201003EUR2E0659793420Y62021225  021225DEBIT CARTE BANCAIRE             00098771 0000000000015O
0520041    01003EUR2 0659793420Y62021225     MMOEUR200000000000156
0520041    01003EUR2 0659793420Y62021225     LIBCOMMIS REMISE 009877 DE    86 F
0520041    01003EUR2 0659793420Y62021225     LIBFOURNIL FRS CHX  MONTLUCON
0420041425201003EUR2E0659793420Y62021225  021225DEBIT CARTE BANCAIRE             00818851 0000000000021M
0520041    01003EUR2 0659793420Y62021225     MMOEUR200000000000214
0520041    01003EUR2 0659793420Y62021225     LIBCOMMIS REMISE 081885 DE   134 F
0520041    01003EUR2 0659793420Y62021225     LIBFOURNIL FRS CHX  MONTLUCON
0720041    01003EUR2 0659793420Y  021225                                                  0000001076664B0000000000138M
0110206    02243EUR2 98386089793  011225LA FERME                         COMPTE COURANT   0000000067610G  231
0410206000002243EUR2E9838608979305021225  021225VIR ALMERYS 7P20T8I9JBBM         0000000100000000000644I
0510206    02243EUR2 9838608979305021225     NPYALMERYS
0510206    02243EUR2 9838608979305021225     NBEDORTU COLLET KARINE
0510206    02243EUR2 9838608979305021225     LCCTP-20251129-ALMERYS TP          -026074724-0098532001-7920-
0510206    02243EUR2 9838608979305021225     RCN7P20T8I9JBBM
0510206    02243EUR2 9838608979305021225     LIBSOGEFRPPXXX
0510206    02243EUR2 9838608979305021225     MMOEUR200000000006449
0410206000002243EUR2E9838608979305021225  021225VIR MGEN 0000000260747243296561  1251126100000000001569I
0510206    02243EUR2 9838608979305021225     NPYMGEN
0510206    02243EUR2 9838608979305021225     NBEDORTU KARINE
0510206    02243EUR2 9838608979305021225     LCC0000000260747243296561251126
0510206    02243EUR2 9838608979305021225     RCN0000000260747243296561251126
0510206    02243EUR2 9838608979305021225     LIBBNPAFRPPXXX
0510206    02243EUR2 9838608979305021225     MMOEUR200000000015699
0410206002602243EUR2E9838608979306021225  021225AG M.OU MME DORTU COLLET EM      0000000100000000030000}
0510206    02243EUR2 9838608979306021225     NPYMME      DORTU KARINE
0510206    02243EUR2 9838608979306021225     NBEM.OU MME DORTU COLLET EM
0510206    02243EUR2 9838608979306021225     LCCSALAIRE
0510206    02243EUR2 9838608979306021225     LIBAGRIFRPP802
0510206    02243EUR2 9838608979306021225     MMOEUR200000000300000
0510206    02243EUR2 9838608979306021225     CBEFR7610206022434411365954010
0410206000002243EUR2E9838608979305021225  021225VIR CETIP CETIP 003363-02607472  6074724100000000000035C
0510206    02243EUR2 9838608979305021225     NPYCETIP CETIP
0510206    02243EUR2 9838608979305021225     NBEKARINE DORTU
0510206    02243EUR2 9838608979305021225     LCCTP-20251202-ISANTE              -026074724-0000476776-7920-
0510206    02243EUR2 9838608979305021225     RCN003363-026074724
0510206    02243EUR2 9838608979305021225     LIBCCFRFRPPXXX
0510206    02243EUR2 9838608979305021225     MMOEUR200000000000353
0710206    02243EUR2 98386089793  021225                                                  0000000039860H
0114406    00102EUR2 90004774377  011225CR OPTIQUE                       COMPTE COURANT   0000000008507A  231
0714406    00102EUR2 90004774377  021225        ------------------------------            0000000008507A
0114806    58000EUR2 70040564123  011225CM MARECHALERIE                  COMPTE COURANT   0000000295927G  231
0414806000058000EUR2E7004056412305021225  021225FRITE LIONEL LOYER FRITE         0000000100000000006800{
0514806    58000EUR2 7004056412305021225     NPYM.       FRITE LIONEL
0514806    58000EUR2 7004056412305021225     NBESCI GARY COMPTE
0514806    58000EUR2 7004056412305021225     LCCLOYER FRITE
0514806    58000EUR2 7004056412305021225     RCNLOYER FRITE
0514806    58000EUR2 7004056412305021225     LIBAGRIFRPP848
0514806    58000EUR2 7004056412305021225     MMOEUR200000000068000
0514806    58000EUR2 7004056412305021225     CBEFR7614806580007004056321404
0714806    58000EUR2 70040564123  021225                                                  0000000302727G
0116275RLV 00060EUR2 08000222979  011225BC2L IMMOBILIER                  COMPTE COURANT   0000000019576F        DATALYS
0716275RLV 00060EUR2 08000222979  021225                                                  0000000019576F
0114506    01740EUR2 72838156889  011225PHI & AL                         COMPTE COURANT   0000000020242H  231
0714506    01740EUR2 72838156889  021225        ------------------------------            0000000020242H
0116275RLV 40350EUR2 08000213213  011225ATELIER 467                      COMPTE COURANT   0000000007312I        DATALYS
0716275RLV 40350EUR2 08000213213  021225                                                  0000000007312I
0116275RLV 40350EUR2 08000217152  011225CSE STOKOMANI OEUVRES SOCIALES   COMPTE COURANT   0000000024949C        DATALYS
0416275RLV 40350EUR2E0800021715218021225  011225VIR INST MADAME DEJAS PEGGY EI   09341781 0000000001800{
0516275    40350EUR2 0800021715218021225     LIB2533573I40289714          25335W
0516275    40350EUR2 0800021715218021225     NPYMADAME DEJAS PEGGY EI
0516275    40350EUR2 0800021715218021225     NBELOYER BUREAU BOLLEZEELE
0516275    40350EUR2 0800021715218021225     RCNLOYER DECEMBRE
0516275    40350EUR2 0800021715218021225     REF                                   IP20251201225126606VSWRDRGFEZJOMMPW
0416275RLV 40350EUR2E0800021715218021225  021225VIR INST MADAME BRASSART CAMIL   89324271 0000000004700{
0516275    40350EUR2 0800021715218021225     LIB2533673I40126285          25336O
0516275    40350EUR2 0800021715218021225     NPYMADAME BRASSART CAMILLE EI
0516275    40350EUR2 0800021715218021225     NBESCI DE LA RUE DEZITTER
0516275    40350EUR2 0800021715218021225     LCCLOYER DECEMBRE 25
0516275    40350EUR2 0800021715218021225     RCNLOYER DECEMBRE 25
0516275    40350EUR2 0800021715218021225     REF                                   IP20251202140017603AQNORSEUPGOUWZVD
0716275RLV 40350EUR2 08000217152  021225                                                  0000000031449C
0114806    58000EUR2 70005000718  011225LA FABRIK                                         0000000066594G  231
0714806    58000EUR2 70005000718  021225        ------------------------------            0000000066594G
0111306    00010EUR2 48176407145  011225MLLE PODEVIN PASCALE             LA CORVETTE      0000000025364F  084
0711306    00010EUR2 48176407145  021225        ------------------------------            0000000025364F
0116806    00820EUR2 02752641006  011225SCI DE SCHOTTERIE                COMPTE COURANT   0000000046974}  098
0416806004400820EUR2E0275264100601021225  011225CHEQUE NO 1447979                1447979000000000000460R
0716806    00820EUR2 02752641006  021225                                                  0000000047434R
0117515RLV 00092EUR2 08003450565  011225GV LOGEMENT                      COMPTE COURANT   0000000074218F        DATALYS
0717515RLV 00092EUR2 08003450565  021225                                                  0000000074218F
0114806    18000EUR2 70055776825  011225** PAS DE MOUVEMENT CE JOUR **                    0000000062571I  231
0414806007818000EUR2E7005577682562011225  021225FRAIS FRAIS CARTE  TRANGER HORS  0000000100000000000004L
0414806002618000EUR2E7005577682506021225  021225WEB ANAIS VIAUD SALAIRE DECEMBR  0000000100000000009000}
0514806    18000EUR2 7005577682506021225     NPYMLE ANAIS VIAUD
0514806    18000EUR2 7005577682506021225     NBEANAIS VIAUD
0514806    18000EUR2 7005577682506021225     RCNSALAIRE DECEMBRE
0514806    18000EUR2 7005577682506021225     LIBAGRIFRPP848
0514806    18000EUR2 7005577682506021225     MMOEUR200000000090000
0514806    18000EUR2 7005577682506021225     CBEFR7614806580006692039800011
0414806005218000EUR2E7005577682511021225  021225CARTE X0492 MICROSOFT*SUBSCRIPT  0000000000000000000100}
0714806    18000EUR2 70055776825  021225                                                  0000000053467F
0118706    00000EUR2 18177005810  011225IBH                              COMPTE COURANT   0000000118805I  231
0418706002600000EUR2E1817700581006011225  011225WEB SALACK VANESSA KMS NOVEMBRE  0000000000000000008840}
0518706    00000EUR2 1817700581006011225     NPYS.C.P.   D INFIRMIERES PAILLET HUIGNEZ VISSE DOUCHET
0518706    00000EUR2 1817700581006011225     NBESALACK VANESSA
0518706    00000EUR2 1817700581006011225     LCCKMS NOVEMBRE
0518706    00000EUR2 1817700581006011225     LIBAGRIFRPP887
0518706    00000EUR2 1817700581006011225     MMOEUR200000000088400
0518706    00000EUR2 1817700581006011225     CBEFR7618706000009756540569567
0418706000000000EUR2E1817700581005021225  021225VIR KORELIO PRESTATIONS 0008347  0000000100000000000080C
0518706    00000EUR2 1817700581005021225     NPYKORELIO PRESTATIONS
0518706    00000EUR2 1817700581005021225     NBEMME PAILLET SOPHIE
0518706    00000EUR2 1817700581005021225     LCCTP-20251128-KORELIO             -806412896-75809145  -8530-
0518706    00000EUR2 1817700581005021225     RCN0008347375287P
0518706    00000EUR2 1817700581005021225     LIBBREDFRPPXXX
0518706    00000EUR2 1817700581005021225     MMOEUR200000000000803
0418706000000000EUR2E1817700581005021225  021225VIR ALMERYS 7P20T88GPV2A         0000000100000000000169A
0518706    00000EUR2 1817700581005021225     NPYALMERYS
0518706    00000EUR2 1817700581005021225     NBEPAILLET - VILTART SOPHIE
0518706    00000EUR2 1817700581005021225     LCCTP-20251129-ALMERYS TP          -806412896-0098532001-8530-
0518706    00000EUR2 1817700581005021225     RCN7P20T88GPV2A
0518706    00000EUR2 1817700581005021225     LIBSOGEFRPPXXX
0518706    00000EUR2 1817700581005021225     MMOEUR200000000001691
0418706000000000EUR2E1817700581005021225  021225VIR ALMERYS 24YK849TCQJIO        0000000100000000000111H
0518706    00000EUR2 1817700581005021225     NPYALMERYS
0518706    00000EUR2 1817700581005021225     NBEMME VANESSA DOUCHET
0518706    00000EUR2 1817700581005021225     LCCTP-20251129-ALMERYS TP          -806030458-0098532001-8530-
0518706    00000EUR2 1817700581005021225     RCN24YK849TCQJIO
0518706    00000EUR2 1817700581005021225     LIBSOGEFRPPXXX
0518706    00000EUR2 1817700581005021225     MMOEUR200000000001118
0418706000000000EUR2E1817700581005021225  021225VIR ALMERYS 7P235U0BOR7K         0000000100000000001136{
0518706    00000EUR2 1817700581005021225     NPYALMERYS
0518706    00000EUR2 1817700581005021225     NBEVISSE JULIE
0518706    00000EUR2 1817700581005021225     LCCTP-20251201-ALMERYS TP          -806050878-0098532001-8530-
0518706    00000EUR2 1817700581005021225     RCN7P235U0BOR7K
0518706    00000EUR2 1817700581005021225     LIBSOGEFRPPXXX
0518706    00000EUR2 1817700581005021225     MMOEUR200000000011360
0418706000000000EUR2E1817700581005021225  021225VIR ALMERYS RPEPS74JC7V          0000000100000000000763E
0518706    00000EUR2 1817700581005021225     NPYALMERYS
0518706    00000EUR2 1817700581005021225     NBEHUIGNEZ CHARLOTTE
0518706    00000EUR2 1817700581005021225     LCCTP-20251201-ALMERYS TP          -806035713-0098532001-8530-
0518706    00000EUR2 1817700581005021225     RCNRPEPS74JC7V
0518706    00000EUR2 1817700581005021225     LIBSOGEFRPPXXX
0518706    00000EUR2 1817700581005021225     MMOEUR200000000007635
0418706000000000EUR2E1817700581005021225  021225VIR ALMERYS 7P235U8FRQ2Q         0000000100000000001095D
0518706    00000EUR2 1817700581005021225     NPYALMERYS
0518706    00000EUR2 1817700581005021225     NBEPAILLET - VILTART SOPHIE
0518706    00000EUR2 1817700581005021225     LCCTP-20251201-ALMERYS TP          -806412896-0098532001-8530-
0518706    00000EUR2 1817700581005021225     RCN7P235U8FRQ2Q
0518706    00000EUR2 1817700581005021225     LIBSOGEFRPPXXX
0518706    00000EUR2 1817700581005021225     MMOEUR200000000010954
0418706000000000EUR2E1817700581005021225  021225VIR ALMERYS 24YKVMBGX0J6D        0000000100000000000281{
0518706    00000EUR2 1817700581005021225     NPYALMERYS
0518706    00000EUR2 1817700581005021225     NBEMME VANESSA DOUCHET
0518706    00000EUR2 1817700581005021225     LCCTP-20251201-ALMERYS TP          -806030458-0098532001-8530-
0518706    00000EUR2 1817700581005021225     RCN24YKVMBGX0J6D
0518706    00000EUR2 1817700581005021225     LIBSOGEFRPPXXX
0518706    00000EUR2 1817700581005021225     MMOEUR200000000002810
0418706000000000EUR2E1817700581005021225  021225VIR MGEN 0000008064128963296561  1251126100000000000088C
0518706    00000EUR2 1817700581005021225     NPYMGEN
0518706    00000EUR2 1817700581005021225     NBESCP FROIDURE DELVA PAILL
0518706    00000EUR2 1817700581005021225     LCC0000008064128963296561251126
0518706    00000EUR2 1817700581005021225     RCN0000008064128963296561251126
0518706    00000EUR2 1817700581005021225     LIBBNPAFRPPXXX
0518706    00000EUR2 1817700581005021225     MMOEUR200000000000883
0418706000000000EUR2E1817700581005021225  021225VIR MGEN 0000008060304583296561  1251126100000000000082I
0518706    00000EUR2 1817700581005021225     NPYMGEN
0518706    00000EUR2 1817700581005021225     NBESCP D INFIRMIERS PAILLET
0518706    00000EUR2 1817700581005021225     LCC0000008060304583296561251126
0518706    00000EUR2 1817700581005021225     RCN0000008060304583296561251126
0518706    00000EUR2 1817700581005021225     LIBBNPAFRPPXXX
0518706    00000EUR2 1817700581005021225     MMOEUR200000000000829
0418706000000000EUR2E1817700581005021225  021225VIR MGEN 0000008060508783296561  1251126100000000000101D
0518706    00000EUR2 1817700581005021225     NPYMGEN
0518706    00000EUR2 1817700581005021225     NBEVISSE JULIE
0518706    00000EUR2 1817700581005021225     LCC0000008060508783296561251126
0518706    00000EUR2 1817700581005021225     RCN0000008060508783296561251126
0518706    00000EUR2 1817700581005021225     LIBBNPAFRPPXXX
0518706    00000EUR2 1817700581005021225     MMOEUR200000000001014
0418706000000000EUR2E1817700581005021225  021225VIR MGEN OWLQ0000001732112       1732112100000000000030B
0518706    00000EUR2 1817700581005021225     NPYMGEN
0518706    00000EUR2 1817700581005021225     NBESCP D.INFIRMIERS PAILLET
0518706    00000EUR2 1817700581005021225     LCCOW080P572725080OWLQ72738344GK98 OW27/11/25-9855/9855
0518706    00000EUR2 1817700581005021225     RCNOWLQ0000001732112
0518706    00000EUR2 1817700581005021225     LIBBNPAFRPPXXX
0518706    00000EUR2 1817700581005021225     MMOEUR200000000000302
0418706000000000EUR2E1817700581005021225  021225VIR CPAM HAUTS DE SEINE SEPA 00  1251201100000000000057E
0518706    00000EUR2 1817700581005021225     NPYCPAM HAUTS DE SEINE SEPA
0518706    00000EUR2 1817700581005021225     NBESCP FROIDURE DELVA PAILL
0518706    00000EUR2 1817700581005021225     LCC0000008060357133329281251201
0518706    00000EUR2 1817700581005021225     RCN0000008060357133329281251201
0518706    00000EUR2 1817700581005021225     LIBBREDFRPPXXX
0518706    00000EUR2 1817700581005021225     MMOEUR200000000000575
0418706000000000EUR2E1817700581005021225  021225VIR CPAM HAUTS DE SEINE SEPA 00  1251201100000000000230{
0518706    00000EUR2 1817700581005021225     NPYCPAM HAUTS DE SEINE SEPA
0518706    00000EUR2 1817700581005021225     NBESCP D INFIRMIERS PAILLET
0518706    00000EUR2 1817700581005021225     LCC0000008060304583329281251201
0518706    00000EUR2 1817700581005021225     RCN0000008060304583329281251201
0518706    00000EUR2 1817700581005021225     LIBBREDFRPPXXX
0518706    00000EUR2 1817700581005021225     MMOEUR200000000002300
0418706000000000EUR2E1817700581005021225  021225VIR CPAM HAUTS DE SEINE SEPA 00  1251201100000000000358H
0518706    00000EUR2 1817700581005021225     NPYCPAM HAUTS DE SEINE SEPA
0518706    00000EUR2 1817700581005021225     NBESCP FROIDURE DELVA PAILL
0518706    00000EUR2 1817700581005021225     LCC0000008064128963329281251201
0518706    00000EUR2 1817700581005021225     RCN0000008064128963329281251201
0518706    00000EUR2 1817700581005021225     LIBBREDFRPPXXX
0518706    00000EUR2 1817700581005021225     MMOEUR200000000003588
0418706000000000EUR2E1817700581005021225  021225VIR CPAM HAUTS DE SEINE SEPA 00  1251201100000000000217{
0518706    00000EUR2 1817700581005021225     NPYCPAM HAUTS DE SEINE SEPA
0518706    00000EUR2 1817700581005021225     NBEVISSE JULIE
0518706    00000EUR2 1817700581005021225     LCC0000008060508783329281251201
0518706    00000EUR2 1817700581005021225     RCN0000008060508783329281251201
0518706    00000EUR2 1817700581005021225     LIBBREDFRPPXXX
0518706    00000EUR2 1817700581005021225     MMOEUR200000000002170
0418706000000000EUR2E1817700581005021225  021225VIR CETIP CETIP 008035-80641289  6412896100000000000197E
0518706    00000EUR2 1817700581005021225     NPYCETIP CETIP
0518706    00000EUR2 1817700581005021225     NBESOPHIE PAILLET VILTART
0518706    00000EUR2 1817700581005021225     LCCTP-20251202-SPSANT              -806412896-0000476776-8530-
0518706    00000EUR2 1817700581005021225     RCN008035-806412896
0518706    00000EUR2 1817700581005021225     LIBCCFRFRPPXXX
0518706    00000EUR2 1817700581005021225     MMOEUR200000000001975
0418706000000000EUR2E1817700581005021225  021225VIR CETIP CETIP 003251-80605087  6050878100000000000488D
0518706    00000EUR2 1817700581005021225     NPYCETIP CETIP
0518706    00000EUR2 1817700581005021225     NBEJULIE VISSE
0518706    00000EUR2 1817700581005021225     LCCTP-20251202-ISANTE              -806050878-0000476776-8530-
0518706    00000EUR2 1817700581005021225     RCN003251-806050878
0518706    00000EUR2 1817700581005021225     LIBCCFRFRPPXXX
0518706    00000EUR2 1817700581005021225     MMOEUR200000000004884
0418706000000000EUR2E1817700581005021225  021225VIR CETIP CETIP 003252-80641289  6412896100000000000943{
0518706    00000EUR2 1817700581005021225     NPYCETIP CETIP
0518706    00000EUR2 1817700581005021225     NBESOPHIE PAILLET VILTART
0518706    00000EUR2 1817700581005021225     LCCTP-20251202-ISANTE              -806412896-0000476776-8530-
0518706    00000EUR2 1817700581005021225     RCN003252-806412896
0518706    00000EUR2 1817700581005021225     LIBCCFRFRPPXXX
0518706    00000EUR2 1817700581005021225     MMOEUR200000000009430
0418706000000000EUR2E1817700581005021225  021225VIR CETIP CETIP 003249-80603045  6030458100000000000556D
0518706    00000EUR2 1817700581005021225     NPYCETIP CETIP
0518706    00000EUR2 1817700581005021225     NBEVANESSA DOUCHET
0518706    00000EUR2 1817700581005021225     LCCTP-20251202-ISANTE              -806030458-0000476776-8530-
0518706    00000EUR2 1817700581005021225     RCN003249-806030458
0518706    00000EUR2 1817700581005021225     LIBCCFRFRPPXXX
0518706    00000EUR2 1817700581005021225     MMOEUR200000000005564
0418706000000000EUR2E1817700581005021225  021225VIR CETIP CETIP 003250-80603571  6035713100000000000245F
0518706    00000EUR2 1817700581005021225     NPYCETIP CETIP
0518706    00000EUR2 1817700581005021225     NBECHARLOTTE HUIGNEZ
0518706    00000EUR2 1817700581005021225     LCCTP-20251202-ISANTE              -806035713-0000476776-8530-
0518706    00000EUR2 1817700581005021225     RCN003250-806035713
0518706    00000EUR2 1817700581005021225     LIBCCFRFRPPXXX
0518706    00000EUR2 1817700581005021225     MMOEUR200000000002456
0418706000000000EUR2E1817700581005021225  021225VIR CETIP CETIP 008032-80603045  6030458100000000000017G
0518706    00000EUR2 1817700581005021225     NPYCETIP CETIP
0518706    00000EUR2 1817700581005021225     NBEVANESSA DOUCHET
0518706    00000EUR2 1817700581005021225     LCCTP-20251202-SPSANT              -806030458-0000476776-8530-
0518706    00000EUR2 1817700581005021225     RCN008032-806030458
0518706    00000EUR2 1817700581005021225     LIBCCFRFRPPXXX
0518706    00000EUR2 1817700581005021225     MMOEUR200000000000177
0418706000000000EUR2E1817700581005021225  021225VIR CETIP CETIP 008034-80605087  6050878100000000000100H
0518706    00000EUR2 1817700581005021225     NPYCETIP CETIP
0518706    00000EUR2 1817700581005021225     NBEJULIE VISSE
0518706    00000EUR2 1817700581005021225     LCCTP-20251202-SPSANT              -806050878-0000476776-8530-
0518706    00000EUR2 1817700581005021225     RCN008034-806050878
0518706    00000EUR2 1817700581005021225     LIBCCFRFRPPXXX
0518706    00000EUR2 1817700581005021225     MMOEUR200000000001008
0418706000000000EUR2E1817700581005021225  021225VIR CETIP CETIP 008033-80603571  6035713100000000000075F
0518706    00000EUR2 1817700581005021225     NPYCETIP CETIP
0518706    00000EUR2 1817700581005021225     NBECHARLOTTE HUIGNEZ
0518706    00000EUR2 1817700581005021225     LCCTP-20251202-SPSANT              -806035713-0000476776-8530-
0518706    00000EUR2 1817700581005021225     RCN008033-806035713
0518706    00000EUR2 1817700581005021225     LIBCCFRFRPPXXX
0518706    00000EUR2 1817700581005021225     MMOEUR200000000000756
0418706000000000EUR2E1817700581005021225  021225VIR HENNER GMC D477758196        7758196100000000000036B
0518706    00000EUR2 1817700581005021225     NPYHENNER GMC
0518706    00000EUR2 1817700581005021225     NBESCP IDE PAILLET HUIGNEZ VISSE
0518706    00000EUR2 1817700581005021225     LCCTP-20251127-HENNER-806050878 -0075949776-8530-
0518706    00000EUR2 1817700581005021225     RCND477758196
0518706    00000EUR2 1817700581005021225     LIBCCBPFRPPMTG
0518706    00000EUR2 1817700581005021225     MMOEUR200000000000362
0418706000000000EUR2E1817700581005021225  021225VIR CPAM AMIENS 000000806412896  1251201100000000008866I
0518706    00000EUR2 1817700581005021225     NPYCPAM AMIENS
0518706    00000EUR2 1817700581005021225     NBESCP FROIDURE DELVA PAILL
0518706    00000EUR2 1817700581005021225     LCC0000008064128963322321251201
0518706    00000EUR2 1817700581005021225     RCN0000008064128963322321251201
0518706    00000EUR2 1817700581005021225     LIBCMCIFRPAXXX
0518706    00000EUR2 1817700581005021225     MMOEUR200000000088669
0418706000000000EUR2E1817700581005021225  021225VIR CPAM AMIENS 000000806050878  1251201100000000013969G
0518706    00000EUR2 1817700581005021225     NPYCPAM AMIENS
0518706    00000EUR2 1817700581005021225     NBEVISSE JULIE
0518706    00000EUR2 1817700581005021225     LCC0000008060508783322321251201
0518706    00000EUR2 1817700581005021225     RCN0000008060508783322321251201
0518706    00000EUR2 1817700581005021225     LIBCMCIFRPAXXX
0518706    00000EUR2 1817700581005021225     MMOEUR200000000139697
0418706000000000EUR2E1817700581005021225  021225VIR CPAM AMIENS 000000806030458  1251201100000000005410F
0518706    00000EUR2 1817700581005021225     NPYCPAM AMIENS
0518706    00000EUR2 1817700581005021225     NBESCP D INFIRMIERS PAILLET
0518706    00000EUR2 1817700581005021225     LCC0000008060304583322321251201
0518706    00000EUR2 1817700581005021225     RCN0000008060304583322321251201
0518706    00000EUR2 1817700581005021225     LIBCMCIFRPAXXX
0518706    00000EUR2 1817700581005021225     MMOEUR200000000054106
0418706000000000EUR2E1817700581005021225  021225VIR CPAM AMIENS 000000806035713  1251201100000000007962E
0518706    00000EUR2 1817700581005021225     NPYCPAM AMIENS
0518706    00000EUR2 1817700581005021225     NBESCP FROIDURE DELVA PAILL
0518706    00000EUR2 1817700581005021225     LCC0000008060357133322321251201
0518706    00000EUR2 1817700581005021225     RCN0000008060357133322321251201
0518706    00000EUR2 1817700581005021225     LIBCMCIFRPAXXX
0518706    00000EUR2 1817700581005021225     MMOEUR200000000079625
0418706002600000EUR2E1817700581006021225  021225WEB SOPHIE PAILLET KMS SOPHIE N  0000000000000000008192}
0518706    00000EUR2 1817700581006021225     NPYS.C.P.   D INFIRMIERES PAILLET HUIGNEZ VISSE DOUCHET
0518706    00000EUR2 1817700581006021225     NBESOPHIE PAILLET
0518706    00000EUR2 1817700581006021225     LCCKMS SOPHIE NOVEMBRE 2025
0518706    00000EUR2 1817700581006021225     LIBAGRIFRPP887
0518706    00000EUR2 1817700581006021225     MMOEUR200000000081920
0518706    00000EUR2 1817700581006021225     CBEFR7618706000005274290010323
0418706000000000EUR2E1817700581005021225  021225VIR VIAMEDIS TP-20251126-VIREME  0000000100000000000024C
0518706    00000EUR2 1817700581005021225     NPYVIAMEDIS
0518706    00000EUR2 1817700581005021225     NBESCP D INFIRMIERES
0518706    00000EUR2 1817700581005021225     LCCTP-20251126-VIREMENT 8486195    -806412896-VM00100000-8530-
0518706    00000EUR2 1817700581005021225     RCNTP-20251126-VIREMENT 8486195    -80
0518706    00000EUR2 1817700581005021225     LIBBNPAFRPPXXX
0518706    00000EUR2 1817700581005021225     MMOEUR200000000000243
0418706000000000EUR2E1817700581005021225  021225VIR MSA DE PICARDIE 20251128000  2601000100000000001334E
0518706    00000EUR2 1817700581005021225     NPYMSA DE PICARDIE
0518706    00000EUR2 1817700581005021225     NBESCP IDE PAILLET HUIGNEZ V
0518706    00000EUR2 1817700581005021225     NPOMSA DE PICARDIE
0518706    00000EUR2 1817700581005021225     LCC2025112800000080641289 02601000
0518706    00000EUR2 1817700581005021225     RCN2025112800000080641289 02601000
0518706    00000EUR2 1817700581005021225     LIBCMCIFRPPCOR
0518706    00000EUR2 1817700581005021225     MMOEUR200000000013345
0418706000000000EUR2E1817700581005021225  021225VIR MSA DE PICARDIE 20251128000  2601000100000000000429{
0518706    00000EUR2 1817700581005021225     NPYMSA DE PICARDIE
0518706    00000EUR2 1817700581005021225     NBESCP IDE PAILLET HUIGNEZ V
0518706    00000EUR2 1817700581005021225     NPOMSA DE PICARDIE
0518706    00000EUR2 1817700581005021225     LCC2025112800000080603571 02601000
0518706    00000EUR2 1817700581005021225     RCN2025112800000080603571 02601000
0518706    00000EUR2 1817700581005021225     LIBCMCIFRPPCOR
0518706    00000EUR2 1817700581005021225     MMOEUR200000000004290
0418706000000000EUR2E1817700581005021225  021225VIR MSA DE PICARDIE 20251128000  2601000100000000001687{
0518706    00000EUR2 1817700581005021225     NPYMSA DE PICARDIE
0518706    00000EUR2 1817700581005021225     NBESCP IDE PAILLET HUIGNEZ V
0518706    00000EUR2 1817700581005021225     NPOMSA DE PICARDIE
0518706    00000EUR2 1817700581005021225     LCC2025112800000080605087 02601000
0518706    00000EUR2 1817700581005021225     RCN2025112800000080605087 02601000
0518706    00000EUR2 1817700581005021225     LIBCMCIFRPPCOR
0518706    00000EUR2 1817700581005021225     MMOEUR200000000016870
0418706000000000EUR2E1817700581005021225  021225VIR MSA DE PICARDIE 20251128000  2601000100000000000908E
0518706    00000EUR2 1817700581005021225     NPYMSA DE PICARDIE
0518706    00000EUR2 1817700581005021225     NBESCP IDE PAILLET HUIGNEZ V
0518706    00000EUR2 1817700581005021225     NPOMSA DE PICARDIE
0518706    00000EUR2 1817700581005021225     LCC2025112800000080603045 02601000
0518706    00000EUR2 1817700581005021225     RCN2025112800000080603045 02601000
0518706    00000EUR2 1817700581005021225     LIBCMCIFRPPCOR
0518706    00000EUR2 1817700581005021225     MMOEUR200000000009085
0718706    00000EUR2 18177005810  021225                                                  0000000149831C
0114806    18000EUR2 67244710000  011225NORTRADE INTERNATIONAL           COMPTE COURANT EN0000000053972D  231
0414806000018000EUR2E6724471000005021225  021225VIR TALBOT AMANDINE              0000000100000000025800{
0514806    18000EUR2 6724471000005021225     NPYTALBOT AMANDINE
0514806    18000EUR2 6724471000005021225     NBEVINCENT BILLECOQ
0514806    18000EUR2 6724471000005021225     LCCFACTURE 212  349/24/VB/CR
0514806    18000EUR2 6724471000005021225     RCNNOT PROVIDED
0514806    18000EUR2 6724471000005021225     LIBCEPAFRPP871
0514806    18000EUR2 6724471000005021225     MMOEUR200000000258000
0714806    18000EUR2 67244710000  021225                                                  0000000079772D
0110206    51680EUR2 98779728060  011225NORTRADE INTERNATIONAL           COMPTE COURANT   0000000041640A  162
0710206    51680EUR2 98779728060  021225        ------------------------------            0000000041640A
0117515RLV 90000EUR2 08008452733  011225SARL MM AMENAGEMENT              COMPTE COURANT   0000001048594D        DATALYS
0717515RLV 90000EUR2 08008452733  021225                                                  0000001048594D
0118706    00000EUR2 97543066884  011225EKITE                            CCE EKITE        0000000006605}  231
0418706007800000EUR2E9754306688462011225  021225COMMISSION D INTERVENTION        0000000100000000000088}
0418706007800000EUR2E9754306688462011225  021225FRAIS LOCATION  QUIPEMENT DE PA  0000000100000000000342}
0718706    00000EUR2 97543066884  021225                                                  0000000007035}
0142559RLV 10000EUR2 08010942524  011225ETABLISSEMENTS LAMY              COMPTE COURANT   0000000165256C60291837
0442559RLV 10000EUR2E08010942524B1021225  021225.01052015VPU0LA MONDIALE PARTEN  97312451 0000000003870}
0542559    10000EUR2 08010942524B1021225     LIB.01052015VPU0LA MONDIALE PARTEN
0542559    10000EUR2 08010942524B1021225     NPYDAVEAU XAVIER
0542559    10000EUR2 08010942524B1021225     LCCLA MONDIALE PARTENAIRE AG2R/0202692 Prlvt VP U00103944/01052015VPU0010
0542559    10000EUR2 08010942524B1021225     LC23944
0542559    10000EUR2 08010942524B1021225     RCN0202692 Prlvt VP U00103944
0542559    10000EUR2 08010942524B1021225     RUM01052015VPU00103944                RCUR
0542559    10000EUR2 08010942524B1021225     CPYFR7642559100000801094425219
0542559    10000EUR2 08010942524B1021225     NBELA MONDIALE PARTENAIRE AG2R
0542559    10000EUR2 08010942524B1021225     IBEFR34ZZZ215902                      SEPA
0442559RLV 10000EUR2E0801094252462021225  021225. COTISATION CARTE BUSINESS      22271631 0000000000570}
0442559RLV 10000EUR2E0801094252405021225  021225VIR SEPA MGEN                    99630111 0000000001060H
0542559    10000EUR2 0801094252405021225     LIB0000007270044183296561251126
0542559    10000EUR2 0801094252405021225     NPYMGEN
0542559    10000EUR2 0801094252405021225     IPY0
0542559    10000EUR2 0801094252405021225     NBEDAVEAU XAVIER
0542559    10000EUR2 0801094252405021225     LCC0000007270044183296561251126
0542559    10000EUR2 0801094252405021225     RCN0000007270044183296561251126
0442559RLV 10000EUR2E0801094252405021225  021225VIR SEPA VIAMEDIS                93029681 0000000000806H
0542559    10000EUR2 0801094252405021225     LIBTP 20251126 VIREMENT 8482039
0542559    10000EUR2 0801094252405021225     NPYVIAMEDIS
0542559    10000EUR2 0801094252405021225     NBEXAVIER DAVEAU
0542559    10000EUR2 0801094252405021225     LCCTP 20251126 VIREMENT 8482039     727004418 VM00100000 5219
0542559    10000EUR2 0801094252405021225     RCNTP 20251126 VIREMENT 8482039     72
0742559RLV 10000EUR2 08010942524  021225                                                  0000000162683I
0114445RLV 00400EUR2 08006034324  011225RESEAU NATIONAL DES MISSIONS EMP COMPTE COURANT   0000000174879B        DATALYS
0714445RLV 00400EUR2 08006034324  021225                                                  0000000174879B
0118706    00000EUR2 97548660842  011225ELEKTROMENAGER BZH                                0000016718020F  231
0418706007800000EUR2E9754866084262011225  021225COMMISSION DE MOUVEMENT          0000000100000000000281Q
0418706002600000EUR2E9754866084206021225  021225MTV - COTIS2025 F342             0100048000000000002400}
0518706    00000EUR2 9754866084206021225     NPYMOBI OISE
0518706    00000EUR2 9754866084206021225     NBEMTV
0518706    00000EUR2 9754866084206021225     LCCMTV - COTIS2025 F342
0518706    00000EUR2 9754866084206021225     RCN001SEPA000098
0518706    00000EUR2 9754866084206021225     REFDOMT00100048                       MTV---COTIS2025-F342
0518706    00000EUR2 9754866084206021225     LIBDOMT00100048                       AGRIFRPP887C01202512021531465106703
0518706    00000EUR2 9754866084206021225     LIBAGRIFRPP887
0518706    00000EUR2 9754866084206021225     MMOEUR200000000024000
0518706    00000EUR2 9754866084206021225     CBEFR7630066105910002049300171
0718706    00000EUR2 97548660842  021225                                                  0000016715338H
0117906    00112EUR2 96416158823  011225S.A.R.L LES FLEURS DE L AVEN                      0000000367368G  046
0417906005000112EUR2E96416158823B1021225  021225SARL DAILY PRESS SERVICES        0000000000000000004388N
0517906    00112EUR2 96416158823B1021225     NBESARL DAILY PRESS SERVICES
0517906    00112EUR2 96416158823B1021225     IBEFR27ZZZ524100                      SEPA
0517906    00112EUR2 96416158823B1021225     NPYO BARLINE ET VOUS ADELINE BARBARA
0517906    00112EUR2 96416158823B1021225     REF303439776
0517906    00112EUR2 96416158823B1021225     RUMEVOF   000073167922101210550801    RCUR
0517906    00112EUR2 96416158823B1021225     CPYFR7617906001129641615328826
0417906002100112EUR2E9641615882307021225  021225EFFET DOMICILIES                 00     000000000000570P
0717906    00112EUR2 96416158823  021225                                                  0000000362409E
0110206    02243EUR2 23145660991  011225POYO                             COMPTE COURANT   0000000015369F  231
0410206000002243EUR2E2314566099105021225  021225LAMBERT GRAS MARIE LOYER ET CHA  0000000100000000005000{
0510206    02243EUR2 2314566099105021225     NPYMME      LAMBERT GRAS MARIE
0510206    02243EUR2 2314566099105021225     NBES.C.M.   SOINS INFIRMIER
0510206    02243EUR2 2314566099105021225     LCCLOYER ET CHARGE SCM
0510206    02243EUR2 2314566099105021225     LIBAGRIFRPP802
0510206    02243EUR2 2314566099105021225     MMOEUR200000000050000
0510206    02243EUR2 2314566099105021225     CBEFR7610206022432314566199067
0410206002602243EUR2E2314566099106021225  021225AG DEMONT PASCAL                 0000000000000000004400}
0510206    02243EUR2 2314566099106021225     NPYS.C.M.   SOINS INFIRMIERS ST
0510206    02243EUR2 2314566099106021225     NBEDEMONT PASCAL
0510206    02243EUR2 2314566099106021225     LCCLOYER
0510206    02243EUR2 2314566099106021225     RCNLOYER
0510206    02243EUR2 2314566099106021225     LIBAGRIFRPP802
0510206    02243EUR2 2314566099106021225     MMOEUR200000000044000
0510206    02243EUR2 2314566099106021225     CBEFR7610278026730001355744005
0710206    02243EUR2 23145660991  021225                                                  0000000015969F
0117906    00090EUR2 96380420065  011225GROUPE EMON                      COMPTE COURANT   0000000013745I  220
0417906004400090EUR2E9638042006501021225  021225CHEQUE NO 0947447                0947447000000000002665O
0717906    00090EUR2 96380420065  021225                                                  0000000011080C
0117906    00090EUR2 18890800006  011225EI EMILIE DE SOUSA               COMPTE COURANT   0000000036781A  028
0717906    00090EUR2 18890800006  021225        ------------------------------            0000000036781A
0114806    00097EUR2 70084482990  011225SC CAE                           COMPTE COURANT   0000006155229I  013
0714806    00097EUR2 70084482990  021225        ------------------------------            0000006155229I
0118706    00000EUR2 97547050222  011225LE PONT NEUF                     COMPTE COURANT   0000000105918H  231
0418706005200000EUR2E9754705022211021225  021225CARTE X5243 TOP OFFICE SAINT-MA  0000000000000000000629}
0718706    00000EUR2 97547050222  021225                                                  0000000105289H
0116275RLV 00600EUR2 08002963521  011225DR OLIVIER GROBOST               GASTRO ENTEROLOGU0000000063867A        DATALYS
0416275RLV 00600EUR2E08002963521B1021225  011225*FRMCC0137375METRO FRANCE S.A.S  43788941 0000000011227M
0516275    00600EUR2 08002963521B1021225     LIB*FRMCC0137375METRO FRANCE S.A.S
0516275    00600EUR2 08002963521B1021225     NPYCLUB SMOKI
0516275    00600EUR2 08002963521B1021225     LCC/INV/0064.011341
0516275    00600EUR2 08002963521B1021225     RCN03811237802026                     TRAD
0516275    00600EUR2 08002963521B1021225     RUMFRMCC013737560001                  RCUR
0516275    00600EUR2 08002963521B1021225     CPYFR7616275006000800296125390
0516275    00600EUR2 08002963521B1021225     NBEMETRO FRANCE S.A.S. METRO FRANCE
0516275    00600EUR2 08002963521B1021225     IBEFR17ZZZ452888                      SEPA
0416275RLV 00600EUR2E0800296352130021225  021225CB CLUB SMOKI        011225      01603771 0000000000755{
0516275    00600EUR2 0800296352130021225     LIBCONTRAT 8446126     REM 160377
0416275RLV 00600EUR2E0800296352130021225  021225CB CLUB SMOKI        011225      01605861 0000000002506{
0516275    00600EUR2 0800296352130021225     LIBCONTRAT 8446127     REM 160586
0416275RLV 00600EUR2E08002963521B1021225  021225*MANDAT NO CLDISTRISAVEURS       40769651 0000000003761J
0516275    00600EUR2 08002963521B1021225     LIB*MANDAT NO CLDISTRISAVEURS
0516275    00600EUR2 08002963521B1021225     NPYCLUB SMOKI
0516275    00600EUR2 08002963521B1021225     LCCMOTIF
0516275    00600EUR2 08002963521B1021225     RCNPREL. DU 30/11/2025       376.11
0516275    00600EUR2 08002963521B1021225     RUMMANDAT NO CL1945                   RCUR
0516275    00600EUR2 08002963521B1021225     CPYFR7616275006000800296125390
0516275    00600EUR2 08002963521B1021225     NBEDISTRISAVEURS
0516275    00600EUR2 08002963521B1021225     IBEFR15ZZZ83749E                      SEPA
0416275RLV 00600EUR2E08002963521B1021225  021225*CLUB SMOKI  INTERNATIONAL SELE  40785341 0000000008215K
0516275    00600EUR2 08002963521B1021225     LIB*CLUB SMOKI  INTERNATIONAL SELE
0516275    00600EUR2 08002963521B1021225     NPYCLUB SMOKI
0516275    00600EUR2 08002963521B1021225     LCCFH2606
0516275    00600EUR2 08002963521B1021225     RCNISD FH2606
0516275    00600EUR2 08002963521B1021225     RUMCLUB SMOKI                         RCUR
0516275    00600EUR2 08002963521B1021225     CPYFR7616275006000800296125390
0516275    00600EUR2 08002963521B1021225     NBEINTERNATIONAL SELECTED DRINKS
0516275    00600EUR2 08002963521B1021225     IBEFR37ZZZ867FB3                      SEPA
0416275RLV 00600EUR2E08002963521B1021225  021225*SWILE-940707SWILE               40795001 0000000000104K
0516275    00600EUR2 08002963521B1021225     LIB*SWILE 940707SWILE
0516275    00600EUR2 08002963521B1021225     NPYSAS CLUB SMOKI
0516275    00600EUR2 08002963521B1021225     LCCSWILE TRANSFER 242933 8152823
0516275    00600EUR2 08002963521B1021225     RCN96C656D1959742A0A1033145CBF52ECA
0516275    00600EUR2 08002963521B1021225     RUMSWILE 94070777100025 130825        RCUR
0516275    00600EUR2 08002963521B1021225     CPYFR7616275006000800296125390
0516275    00600EUR2 08002963521B1021225     NBESWILE
0516275    00600EUR2 08002963521B1021225     IBEFR74ZZZ838795                      SEPA
0416275RLV 00600EUR2E0800296352107021225  021225LCR 291578 RLV 00000023          43845310 0000000004174K
0516275    00600EUR2 0800296352107021225     LIBS A S MARCOVA  M
0416275RLV 00600EUR2E0800296352162021225  021225*CB COM CLUB SMOKI 011225        21238611 0000000000003K
0516275    00600EUR2 0800296352162021225     LIBCONTRAT 8446126 REM 160377
0416275RLV 00600EUR2E0800296352162021225  021225*CB COM CLUB SMOKI 011225        21404621 0000000000017R
0516275    00600EUR2 0800296352162021225     LIBCONTRAT 8446127 REM 160586
0716275RLV 00600EUR2 08002963521  021225                                                  0000000039624I
0114806    58000EUR2 72016452930  011225SARL MM AMENAGEMENT              COMPTE COURANT   0000000294469E  231
0414806007858000EUR2E7201645293062301125  021225FRAIS FACTURE CR DIT AGRICOLE 2  0000000100000000000330}
0414806002658000EUR2E7201645293006021225  021225WEB HUILERIE D AURON CL02496/LE  0000000000000000004324Q
0514806    58000EUR2 7201645293006021225     NPYASSOC.   LE MARCHE DU P TIT LEO
0514806    58000EUR2 7201645293006021225     NBEHUILERIE D AURON
0514806    58000EUR2 7201645293006021225     LCCPAIEMENT FACTURE PRO FORMA DE691 DU 28/11/25
0514806    58000EUR2 7201645293006021225     RCNCL02496/LE MARCHE DU PTIT LEO
0514806    58000EUR2 7201645293006021225     LIBAGRIFRPP848
0514806    58000EUR2 7201645293006021225     MMOEUR200000000043248
0514806    58000EUR2 7201645293006021225     CBEFR7610278371750001196840122
0714806    58000EUR2 72016452930  021225                                                  0000000289814G
0111306    00010EUR2 48172204621  011225PROLIFIK RECORDS              PROLIFIK RECORDS    0000000000000{  086
0711306    00010EUR2 48172204621  021225        ------------------------------            0000000000000{
0114806    18000EUR2 70070282512  011225EGV HOLDING                      COMPTE COURANT   0000000074915D  231
0414806007918000EUR2E7007028251262011225  021225FRAIS COMMISSION DE MOUVEMENT    0000000100000000000068O
0414806007818000EUR2E7007028251262301125  021225FRAIS FACTURE CR DIT AGRICOLE 2  0000000100000000000367N
0414806000418000EUR2E7007028251230021225  021225CARTE 2733245 001 878001 02/12   0000000100000000001616B
0414806005818000EUR2E7007028251262021225  021225CARTE 2733245 001 878001 02/12   0000000100000000000005L
0414806000418000EUR2E7007028251230021225  021225CARTE 2733244 001 879745 02/12   0000000100000000000984I
0414806005818000EUR2E7007028251262021225  021225CARTE 2733244 001 879745 02/12   0000000100000000000002L
0714806    18000EUR2 70070282512  021225                                                  0000000077072H
0114806    18000EUR2 72009545776  011225APOLLO SAS                       COMPTE COURANT   0000000043624L  231
0414806005018000EUR2E72009545776B1021225  021225EAUX VALLEE DE L HERAULT         0000000000000000022390O
0514806    18000EUR2 72009545776B1021225     NBEEAUX VALLEE DE L HERAULT
0514806    18000EUR2 72009545776B1021225     IBEFR53SDE600262                      SEPA
0514806    18000EUR2 72009545776B1021225     NBUEAUX VALLEE DE L HERAULT
0514806    18000EUR2 72009545776B1021225     NPYCHATEAU DE VALLOUB
0514806    18000EUR2 72009545776B1021225     REF303336546                          25332-5351-PSR-SDD-CORE-01-00037836
0514806    18000EUR2 72009545776B1021225     LCCTIPSEPA PRODUITS LOCAUX 002 EAUX VALLEE DE L HER FR53SDE600262 CENTRE
0514806    18000EUR2 72009545776B1021225     LC2ENCAISSEMENT DE TESSI
0514806    18000EUR2 72009545776B1021225     RUMTIPSEPA0340000020000000020253894525OOFF
0514806    18000EUR2 72009545776B1021225     CPYFR7614806180007200954677579
0414806007918000EUR2E7200954577662011225  021225FRAIS COMMISSION DE MOUVEMENT    0000000100000000000248P
0414806007818000EUR2E7200954577662301125  021225FRAIS FACTURE CR DIT AGRICOLE 2  0000000100000000000535N
0414806000018000EUR2E7200954577605021225  021225VIR TEL SETE VT FRS TELSETE 28-  0000000100000000025469F
0514806    18000EUR2 7200954577605021225     NPYTEL SETE
0514806    18000EUR2 7200954577605021225     NBECHATEAU DE VALLOUBIERE
0514806    18000EUR2 7200954577605021225     LCCVT FRS TELSETE 28-11-
0514806    18000EUR2 7200954577605021225     RCNVT FRS TELSETE 28-11-/1001
0514806    18000EUR2 7200954577605021225     LIBCRLYFRPPXXX
0514806    18000EUR2 7200954577605021225     MMOEUR200000000254696
0414806000018000EUR2E7200954577605021225  021225VIR SMARTBOX GROUP LIMITED -PTP  1779547100000000001480{
0514806    18000EUR2 7200954577605021225     NPYSMARTBOX GROUP LIMITED
0514806    18000EUR2 7200954577605021225     NBES.A.R.L CHATEAU DE VALOUBIERE
0514806    18000EUR2 7200954577605021225     LCCPDN-001789868 PCI-001789975
0514806    18000EUR2 7200954577605021225     RCN-PTPAY001779547
0514806    18000EUR2 7200954577605021225     LIBSOGEFRPPXXX
0514806    18000EUR2 7200954577605021225     MMOEUR200000000014800
0414806000018000EUR2E7200954577605021225  021225VIR PAYPLUG 9500AB59A06940E99A0  0000000100000000011126C
0514806    18000EUR2 7200954577605021225     NPYPAYPLUG
0514806    18000EUR2 7200954577605021225     NBESARL CHATEAU DE VALLOUBIERE
0514806    18000EUR2 7200954577605021225     LCCPAYPLUG 9500AB59A0
0514806    18000EUR2 7200954577605021225     RCN9500AB59A06940E99A0ABF2937230D45
0514806    18000EUR2 7200954577605021225     LIBNATXFRPPXXX
0514806    18000EUR2 7200954577605021225     MMOEUR200000000111263
0414806004418000EUR2E7200954577601021225  021225CHEQUE NO 0641286                0641286000000000005648}
0414806005218000EUR2E7200954577611021225  021225CARTE X7701 AMAZON MUSIC PAYLI2  0000000000000000000121M
0714806    18000EUR2 72009545776  021225                                                  0000000034492O
0114806    58000EUR2 72039266601  011225SCI CLALEX                                        0000000035863{  231
0414806007958000EUR2E7203926660162301125  021225FRAIS FACTURE CR DIT AGRICOLE 2  0000000100000000000120Q
0714806    58000EUR2 72039266601  021225                                                  0000000035742B
0120041    01003EUR2 0723256420E  011225SARL AGENCE DIAG EXPERT          COMPTE COURANT   0000000855775B
0420041425001003EUR2E0723256420E28021225  021225ACHAT CB CENTRE LECLERC 01.12.2  00008260 0000000002218R
0520041    01003EUR2 0723256420E28021225     MMOEUR200000000022189
0520041    01003EUR2 0723256420E28021225     LIBCARTE NUMERO                826
0420041405901003EUR2E0723256420E62021225  021225COTISATION CARTE BUSINESS        00000001 0000000000540}
0520041    01003EUR2 0723256420E62021225     MMOEUR200000000005400
0520041    01003EUR2 0723256420E62021225     LIBN  0826
0720041    01003EUR2 0723256420E  021225                                                  0000000853016C0000000002218R
0113807    00766EUR2 02821947999  011225SCI CAMPUS                       COMPTE COURANT   0000000691218D
0713807    00766EUR2 02821947999  021225                                                  0000000691218D
0113807    00742EUR2 32021062273  011225M&P                              COMPTE COURANT   0000000164124D
0413807052200742EUR2E3202106227306021225  021225VPE AGRICOLE S.DOLLON            2436885000000000025755MSALAIRE S.DOLLON
0513807    00742EUR2 3202106227306021225     LIBSALAIRE S.DOLLON
0413807022600742EUR2E3202106227391021225  301125ECHEANCE PRET                    9026039100000000295046J9026039
0513807    00742EUR2 3202106227391021225     LIBDONT CAP  29032,38 ASS.    0,00E
0513807    00742EUR2 3202106227391021225     LIB     INT.   472,23 COM.    0,00E
0413807051000742EUR2E3202106227305021225  011225VIR MAISON ROYAL GARDEN          KTRBC1T100000000290000{S2E
0513807    00742EUR2 3202106227305021225     LIBS2E
0513807    00742EUR2 3202106227305021225     NPY      MAISON ROYAL GARDEN
0513807    00742EUR2 3202106227305021225     LCCS2E
0513807    00742EUR2 3202106227305021225     MMOEUR20000000290000000
0713807    00742EUR2 32021062273  021225                                                  0000000133322I
0114806    18000EUR2 72047612272  011225BEAUCE TOURAINE                                   0000000101984E  231
0414806007918000EUR2E7204761227262301125  021225FRAIS FACTURE CR DIT AGRICOLE 2  0000000100000000000139N
0714806    18000EUR2 72047612272  021225                                                  0000000101845{
0114806    18000EUR2 66898640003  011225SCI DU HANGAR                    COMPTE COURANT   0000000014230C  231
0714806    18000EUR2 66898640003  021225        ------------------------------            0000000014230C
0114806    18000EUR2 72008318055  011225TESSIER CHANTAL                                   0000000015288B  231
0714806    18000EUR2 72008318055  021225        ------------------------------            0000000015288B
0114806    58000EUR2 70047140310  011225ME ACKER PAULINE EI              COMPTE COURANT   0000000189411D  231
0414806000058000EUR2E7004714031005021225  02122529513 M.       COULBOIS FABIEN   0000000100000000003600{
0514806    58000EUR2 7004714031005021225     NPYM.       COULBOIS FABIEN
0514806    58000EUR2 7004714031005021225     NBESELARL AGIN PREPOIGNOT
0514806    58000EUR2 7004714031005021225     RCN29513
0514806    58000EUR2 7004714031005021225     LIBAGRIFRPP848
0514806    58000EUR2 7004714031005021225     MMOEUR200000000036000
0514806    58000EUR2 7004714031005021225     CBEFR7614806580007004714013026
0414806000058000EUR2E7004714031005021225  021225REGL CREDIT AGRICOL 29484        0000000100000000003600{
0414806000058000EUR2E7004714031005021225  021225REGL CREDIT AGRICOL 29485        0000000100000000003600{
0714806    58000EUR2 70047140310  021225                                                  0000000200211D
0110206    51671EUR2 98791519123  011225EI SALON INES D                  COMPTE COURANT   0000000033850F  162
0410206000051671EUR2E9879151912305021225  021225VIR MME ANA CHIRIAC ZZ1JHVED6JO  0000000100000000045000{
0510206    51671EUR2 9879151912305021225     NPYMME ANA CHIRIAC
0510206    51671EUR2 9879151912305021225     NBECENTRE CARDIOLOGIQUE DE BEZANNES
0510206    51671EUR2 9879151912305021225     LCCCHANGES SCM
0510206    51671EUR2 9879151912305021225     RCNZZ1JHVED6JOC3Z21U
0510206    51671EUR2 9879151912305021225     LIBBNPAFRPPXXX
0510206    51671EUR2 9879151912305021225     MMOEUR200000000450000
0410206002651671EUR2E9879151912306021225  021225WEB ABC NETTOYAGE FA00004591     0000000000000000018265K
0510206    51671EUR2 9879151912306021225     NPYSOCIETE  CENTRE CARDIOLOGIQUE DE BEZANNES
0510206    51671EUR2 9879151912306021225     NBEABC NETTOYAGE
0510206    51671EUR2 9879151912306021225     LCCFA00004591
0510206    51671EUR2 9879151912306021225     RCNFA00004591
0510206    51671EUR2 9879151912306021225     LIBAGRIFRPP802
0510206    51671EUR2 9879151912306021225     MMOEUR200000000182652
0510206    51671EUR2 9879151912306021225     CBEFR7610206000879927584154827
0410206002651671EUR2E98791519123C1021225  021225VIR INST VERS PAUL COUVREUR EI   0000000000000000022800}
0510206    51671EUR2 98791519123C1021225     NPYSOCIETE CENTRE CARDIOLOGIQUE DE BEZANNES
0510206    51671EUR2 98791519123C1021225     NBEPAUL COUVREUR EI
0510206    51671EUR2 98791519123C1021225     RCNPAIE NOVEMBRE 2025
0510206    51671EUR2 98791519123C1021225     REF                                   997163138DF140D0ABAB68250A95EBC5
0510206    51671EUR2 98791519123C1021225     CBEFR7617328844007273998445373
0710206    51671EUR2 98791519123  021225                                                  0000000037785D
0118706    00000EUR2 72124194313  011225SOCIETE CIVILE IMMOBILIERE IREM  COMPTE COURANT   0000000257655H  231
0418706007800000EUR2E7212419431362011225  021225FRAIS LOCATION  QUIPEMENT DE PA  0000000100000000000444}
0418706007800000EUR2E7212419431362011225  021225FRAIS LOCATION  QUIPEMENT DE PA  0000000100000000000444}
0418706007800000EUR2E7212419431362011225  021225FRAIS LOCATION  QUIPEMENT DE PA  0000000100000000000444}
0418706000000000EUR2E7212419431305021225  021225VIR M OU MME RUGET DANIEL 03202  0000001100000000000220C
0518706    00000EUR2 7212419431305021225     NPYM OU MME RUGET DANIEL
0518706    00000EUR2 7212419431305021225     NBESCHIRINZI PRESLE
0518706    00000EUR2 7212419431305021225     LCCLEGUMES 2911
0518706    00000EUR2 7212419431305021225     RCN032025334185469310000001
0518706    00000EUR2 7212419431305021225     LIBSOGEFRPP
0518706    00000EUR2 7212419431305021225     MMOEUR200000000002203
0718706    00000EUR2 72124194313  021225                                                  0000000256544A
0115135RLV 20590EUR2 08001915058  011225SCI MID PASSEL                   COMPTE COURANT   0000000157544}        DATALYS
0415135RLV 20590EUR2E08001915058B1021225  011225*REF 2025-02-CAFES FOLLIET       65032371 0000000001397R
0515135    20590EUR2 08001915058B1021225     LIB*REF 2025 02 CAFES FOLLIET
0515135    20590EUR2 08001915058B1021225     NPYAU PETIT FOUR
0515135    20590EUR2 08001915058B1021225     RCN49241523/28 10 2025
0515135    20590EUR2 08001915058B1021225     RUMREF 2025 02 05 913051              FRST
0515135    20590EUR2 08001915058B1021225     CPYFR7615135205900800191850559
0515135    20590EUR2 08001915058B1021225     NBECAFES FOLLIET
0515135    20590EUR2 08001915058B1021225     IBEFR84ZZZ399011                      SEPA
0415135RLV 20590EUR2E08001915058B1021225  011225*LD1871140202LOCAM               65814281 0000000003000}
0515135    20590EUR2 08001915058B1021225     LIB*LD1871140202LOCAM
0515135    20590EUR2 08001915058B1021225     NPYCABALOI
0515135    20590EUR2 08001915058B1021225     LCCREEMISSION  LOCAM  PARTENAIRE DE   AXOMEDIA   RG DOSSIER 1871140 CONTR
0515135    20590EUR2 08001915058B1021225     LC2AT SITE WEB        LOYER DU 10 11 2025
0515135    20590EUR2 08001915058B1021225     RCNLB1871140R00201122025++++DOSREEL
0515135    20590EUR2 08001915058B1021225     RUMLD187114020250019794               RCUR
0515135    20590EUR2 08001915058B1021225     CPYFR7615135205900800191850559
0515135    20590EUR2 08001915058B1021225     NBELOCAM
0515135    20590EUR2 08001915058B1021225     IBEFR91ZZZ113026                      SEPA
0415135RLV 20590EUR2E08001915058B1021225  011225*424282202605S.A.DOQUET          64196511 0000000008972M
0515135    20590EUR2 08001915058B1021225     LIB*424282202605S.A.DOQUET
0515135    20590EUR2 08001915058B1021225     NPYSARL CABALOI
0515135    20590EUR2 08001915058B1021225     LCCRELEVE 008904 DU 17/11/2025
0515135    20590EUR2 08001915058B1021225     RCNCLT 202605REF 008904MT  00000089724
0515135    20590EUR2 08001915058B1021225     RUM424282202605000001                 RCUR
0515135    20590EUR2 08001915058B1021225     CPYFR7615135205900800191850559
0515135    20590EUR2 08001915058B1021225     NBES.A.DOQUET
0515135    20590EUR2 08001915058B1021225     IBEFR65ZZZ424282                      SEPA
0415135RLV 20590EUR2E0800191505862021225  021225* COMMISSION D'INTERVENTION      66543001 0000000000099N
0515135    20590EUR2 0800191505862021225     LIBCB GAB CHA WARMERI  200 00 EUR
0715135RLV 20590EUR2 08001915058  021225                                                  0000000171013Q
0110206    02243EUR2 98416642220  011225MS ST FRAMBOURG                  COMPTE COURANT   0000000004829E  231
0410206005002243EUR2E98416642220B1021225  0212250218315 CRCAM DU NORD EST        0000000000000000000174P
0510206    02243EUR2 98416642220B1021225     NBECRCAM DU NORD EST
0510206    02243EUR2 98416642220B1021225     IBEFR41ZZZ410552                      SEPA
0510206    02243EUR2 98416642220B1021225     NPYMAKA-DORTU
0510206    02243EUR2 98416642220B1021225     REFPACIFICA80202183152P               PACIFICA80202183152P
0510206    02243EUR2 98416642220B1021225     LCCCREDIT AGRICOLE ASSURANCE HABITATION -ECHEANCE 12/2025 COTISATION DU C
0510206    02243EUR2 98416642220B1021225     LC2ONTRAT PACIFICA 6572292907
0510206    02243EUR2 98416642220B1021225     RUM++000000000000000000004850868907PCKRCUR
0510206    02243EUR2 98416642220B1021225     CPYFR7610206022439841664022274
0710206    02243EUR2 98416642220  021225                                                  0000000004654H
0110206    02243EUR2 98712887950  011225CENTRE MUSICAL ET INITIATIVE     CENTRE MUSICAL ET0000000180301I  231
0410206005202243EUR2E9871288795011021225  021225CARTE X8299 PAYPAL *MPMULTIPASS  0000000100000000000192P
0410206005202243EUR2E9871288795011021225  021225CARTE X8299 AMAZON EU SARL PAYL  0000000100000000000443}
0410206005202243EUR2E9871288795011021225  021225CARTE X8299 ALIEXPRESS LONDON    0000000100000000000313M
0410206005202243EUR2E9871288795011021225  021225CARTE X8299 GOOGLE *ADS25561912  0000000100000000000141N
0710206    02243EUR2 98712887950  021225                                                  0000000179211C
0116275RLV 20101EUR2 08000033985  011225TECHNIQUES ET NORMES DE COUVERT  COMPTE COURANT   0000000219860G        DATALYS
0416275RLV 20101EUR2E08000033985B1021225  011225*REF-15438 DUSOFIA DEV-BPRI      37474021 0000000000550}
0516275    20101EUR2 08000033985B1021225     LIB*REF 15438 DUSOFIA DEV BPRI
0516275    20101EUR2 08000033985B1021225     NPYCABINET LAURENCE CLAUDINE
0516275    20101EUR2 08000033985B1021225     RCNEBD4929385094359B448CA3D0273AD46
0516275    20101EUR2 08000033985B1021225     RUMREF 15438 DU 26/03/18              RCUR
0516275    20101EUR2 08000033985B1021225     CPYFR7616275201010800003589335
0516275    20101EUR2 08000033985B1021225     NBESOFIA DEV BPRI
0516275    20101EUR2 08000033985B1021225     IBEFR58ZZZ439734                      SEPA
0416275RLV 20101EUR2E0800003398505021225  021225VIR SEPA CPAM AMIENS             76003731 0000000014004E
0516275    20101EUR2 0800003398505021225     LIB0000008060201943322321251201
0516275    20101EUR2 0800003398505021225     NPYCPAM AMIENS
0516275    20101EUR2 0800003398505021225     IPY0
0516275    20101EUR2 0800003398505021225     NBELAURENCE CLAUDINE
0516275    20101EUR2 0800003398505021225     LCC0000008060201943322321251201
0516275    20101EUR2 0800003398505021225     RCN0000008060201943322321251201
0416275RLV 20101EUR2E0800003398505021225  021225VIR SEPA MSA DE PICARDIE         74877321 0000000000110A
0516275    20101EUR2 0800003398505021225     LIB2025112800000080602019 02601000
0516275    20101EUR2 0800003398505021225     NPYMSA DE PICARDIE
0516275    20101EUR2 0800003398505021225     IPY78061123200015
0516275    20101EUR2 0800003398505021225     NBEMLLE LAURENCE CLAUDINE
0516275    20101EUR2 0800003398505021225     NPOMSA DE PICARDIE
0516275    20101EUR2 0800003398505021225     IPO78061123200015
0516275    20101EUR2 0800003398505021225     LCC2025112800000080602019 02601000
0516275    20101EUR2 0800003398505021225     RCN2025112800000080602019 02601000
0416275RLV 20101EUR2E0800003398505021225  021225VIR SEPA MSA NORD-PAS DE CALAIS  60063061 0000000000045D
0516275    20101EUR2 0800003398505021225     LIB2025112800000080602019 02591000
0516275    20101EUR2 0800003398505021225     NPYMSA NORD PAS DE CALAIS
0516275    20101EUR2 0800003398505021225     IPY51948215200013
0516275    20101EUR2 0800003398505021225     NBEMLLE LAURENCE CLAUDINE
0516275    20101EUR2 0800003398505021225     NPOMSA NORD PAS DE CALAIS
0516275    20101EUR2 0800003398505021225     IPO51948215200013
0516275    20101EUR2 0800003398505021225     LCC2025112800000080602019 02591000
0516275    20101EUR2 0800003398505021225     RCN2025112800000080602019 02591000
0716275RLV 20101EUR2 08000033985  021225                                                  0000000233470G
0114806    58000EUR2 70074018334  011225DOCTEUR ANTOINE HUART            COMPTE COURANT   0000000061957A  231
0714806    58000EUR2 70074018334  021225        ------------------------------            0000000061957A
0110206    00023EUR2 98372823722  011225T P C                            COMPTE COURANT   0000000032891F  231
0410206000000023EUR2E9837282372205021225  021225VIR MGEN 0000000261008003296561  1251126100000000000088C
0510206    00023EUR2 9837282372205021225     NPYMGEN
0510206    00023EUR2 9837282372205021225     NBEHUYART VALERIE
0510206    00023EUR2 9837282372205021225     LCC0000000261008003296561251126
0510206    00023EUR2 9837282372205021225     RCN0000000261008003296561251126
0510206    00023EUR2 9837282372205021225     LIBBNPAFRPPXXX
0510206    00023EUR2 9837282372205021225     MMOEUR200000000000883
0410206000000023EUR2E9837282372205021225  021225VIR VIAMEDIS TP-20251126-VIREME  0000000100000000002043E
0510206    00023EUR2 9837282372205021225     NPYVIAMEDIS
0510206    00023EUR2 9837282372205021225     NBEHUYART VALERIE
0510206    00023EUR2 9837282372205021225     LCCTP-20251126-VIREMENT 8454258    -026100800-VM00100000-7335-
0510206    00023EUR2 9837282372205021225     RCNTP-20251126-VIREMENT 8454258    -02
0510206    00023EUR2 9837282372205021225     LIBBNPAFRPPXXX
0510206    00023EUR2 9837282372205021225     MMOEUR200000000020435
0710206    00023EUR2 98372823722  021225                                                  0000000035023D
0117906    00112EUR2 96403930231  011225SCI LES PETITS PRES              COMPTE COURANT   0000000000000{  222
0417906000000112EUR2E9640393023105021225  021225FDJ MONSIEUR ZHANG KAITE LA CIV  0000000100000000106565B
0517906    00112EUR2 9640393023105021225     NPYMONSIEUR ZHANG KAITE LA CIVETTE FERTOISE
0517906    00112EUR2 9640393023105021225     NBEMONSIEUR ZHANG KAITE COMPTE LA FRANCAISE DES JEUX
0517906    00112EUR2 9640393023105021225     RCNFDJ
0517906    00112EUR2 9640393023105021225     LIBAGRIFRPP879
0517906    00112EUR2 9640393023105021225     MMOEUR200000001065652
0517906    00112EUR2 9640393023105021225     CBEFR7617906001129640393132027
0717906    00112EUR2 96403930231  021225                                                  0000000106565B
0117906    00112EUR2 96403930921  011225RUBIS SUR L'ONGLE                COMPTE COURANT   0000000000000{  231
0417906005000112EUR2E96403930921B2021225  021225B2B PARI MUTUEL URBAIN           0000000000000000012700}
0517906    00112EUR2 96403930921B2021225     NBEPARI MUTUEL URBAIN
0517906    00112EUR2 96403930921B2021225     IBEFR21ZZZ244848                      SEPA
0517906    00112EUR2 96403930921B2021225     NPYZHANG
0517906    00112EUR2 96403930921B2021225     REF303327229
0517906    00112EUR2 96403930921B2021225     RUM1047504                            RCUR
0517906    00112EUR2 96403930921B2021225     CPYFR7617906001129640393129020
0417906000000112EUR2E9640393092105021225  021225PMU MONSIEUR ZHANG KAITE LA CIV  0000000100000000012700{
0517906    00112EUR2 9640393092105021225     NPYMONSIEUR ZHANG KAITE LA CIVETTE FERTOISE
0517906    00112EUR2 9640393092105021225     NBEMONSIEUR ZHANG KAITE COMPTE PMU
0517906    00112EUR2 9640393092105021225     RCNPMU
0517906    00112EUR2 9640393092105021225     LIBAGRIFRPP879
0517906    00112EUR2 9640393092105021225     MMOEUR200000000127000
0517906    00112EUR2 9640393092105021225     CBEFR7617906001129640393129020
0717906    00112EUR2 96403930921  021225                                                  0000000000000{
0117906    00112EUR2 96403921265  011225RBL                           RBL                 0000001531581A  013
0417906005000112EUR2E96403921265B2021225  021225B2B LOGISTA FRANCE SAS           0000000000000000002395M
0517906    00112EUR2 96403921265B2021225     NBELOGISTA FRANCE SAS
0517906    00112EUR2 96403921265B2021225     IBEFR45ZZZ414457                      SEPA
0517906    00112EUR2 96403921265B2021225     NPYM ZHANG KAITE
0517906    00112EUR2 96403921265B2021225     REF303333296                          T253320006333309
0517906    00112EUR2 96403921265B2021225     RCN                                   OTHR
0517906    00112EUR2 96403921265B2021225     LCC/INV/STRATOR PERIOD 30.11.2025
0517906    00112EUR2 96403921265B2021225     RUM000000073405                       RCUR
0517906    00112EUR2 96403921265B2021225     CPYFR7617906001129640392562152
0417906005000112EUR2E96403921265B1021225  021225SARL DAILY PRESS SERVICES        0000000000000000007097O
0517906    00112EUR2 96403921265B1021225     NBESARL DAILY PRESS SERVICES
0517906    00112EUR2 96403921265B1021225     IBEFR27ZZZ524100                      SEPA
0517906    00112EUR2 96403921265B1021225     NPYZHANG KAITE
0517906    00112EUR2 96403921265B1021225     REF303439776
0517906    00112EUR2 96403921265B1021225     RUMEVOF   000073159021011308301357    RCUR
0517906    00112EUR2 96403921265B1021225     CPYFR7617906001129640392562152
0417906000400112EUR2E9640392126530021225  021225CARTE 2685415 001 011024 01/12   0000000100000000014327I
0417906005800112EUR2E9640392126562021225  021225CARTE 2685415 001 011024 01/12   0000000100000000000039R
0417906000400112EUR2E9640392126530021225  021225CARTE 2685411 001 011030 01/12   0000000100000000035865I
0417906005800112EUR2E9640392126562021225  021225CARTE 2685411 001 011030 01/12   0000000100000000000106R
0417906002600112EUR2E9640392126506021225  021225WEB MONSIEUR ZHANG KAITE PMU     0000000100000000012700}
0517906    00112EUR2 9640392126506021225     NPYMONSIEUR ZHANG KAITE LA CIVETTE FERTOISE
0517906    00112EUR2 9640392126506021225     NBEMONSIEUR ZHANG KAITE COMPTE PMU
0517906    00112EUR2 9640392126506021225     RCNPMU
0517906    00112EUR2 9640392126506021225     LIBAGRIFRPP879
0517906    00112EUR2 9640392126506021225     MMOEUR200000000127000
0517906    00112EUR2 9640392126506021225     CBEFR7617906001129640393129020
0417906002600112EUR2E96403921265C1021225  021225VIR INST VERS LOYER LALANDE JEA  0000000000000000020520}
0517906    00112EUR2 96403921265C1021225     NPYMONSIEUR ZHANG KAITE LA CIVETTE FERTOISE
0517906    00112EUR2 96403921265C1021225     NBELOYER LALANDE JEAN CLAUDE
0517906    00112EUR2 96403921265C1021225     RCNLOYER DECEMBRE
0517906    00112EUR2 96403921265C1021225     REF                                   853E0F5C178444B3B67577FA85662633
0517906    00112EUR2 96403921265C1021225     CBEFR7630004001920000376832183
0417906002600112EUR2E9640392126506021225  021225WEB MONSIEUR ZHANG KAITE FDJ     0000000100000000106565K
0517906    00112EUR2 9640392126506021225     NPYMONSIEUR ZHANG KAITE LA CIVETTE FERTOISE
0517906    00112EUR2 9640392126506021225     NBEMONSIEUR ZHANG KAITE COMPTE LA FRANCAISE DES JEUX
0517906    00112EUR2 9640392126506021225     RCNFDJ
0517906    00112EUR2 9640392126506021225     LIBAGRIFRPP879
0517906    00112EUR2 9640392126506021225     MMOEUR200000001065652
0517906    00112EUR2 9640392126506021225     CBEFR7617906001129640393132027
0417906000200112EUR2E9640392126502021225  021225REMISE CHQ 1626768               1626768100000000002317A
0717906    00112EUR2 96403921265  021225                                                  0000001434667{
0116275RLV 10300EUR2 08000139640  011225SIVASOORIYALINGAM SIVALOGINI     COMPTE COURANT   0000000001256G        DATALYS
0416275RLV 10300EUR2E0800013964005021225  021225VIR SEPA MR BUTAEYE DAVID        17783741 0000000007100{
0516275    10300EUR2 0800013964005021225     LIBVIREMENT DE MR BUTAEYE DAVID
0516275    10300EUR2 0800013964005021225     NPYMR BUTAEYE DAVID
0516275    10300EUR2 0800013964005021225     NBEPROPRIO
0516275    10300EUR2 0800013964005021225     LCCVIREMENT DE MR BUTAEYE DAVID
0516275    10300EUR2 0800013964005021225     RCNVIREMENT DE MR BUTAEYE DAVID
0716275RLV 10300EUR2 08000139640  021225                                                  0000000008356G
0114806    58000EUR2 67128500007  011225S.C.I. DAM                       COMPTE COURANT   0000000341694D  231
0414806007858000EUR2E6712850000762301125  021225FRAIS FACTURE CR DIT AGRICOLE 2  0000000100000000000330}
0714806    58000EUR2 67128500007  021225                                                  0000000341364D
0116275RLV 00600EUR2 08001818214  011225RUBIS SUR L'ONGLE                COMPTE COURANT   0000000069511{        DATALYS
0416275RLV 00600EUR2E08001818214B1021225  011225*WUYZ(L.?4.JEAMAZON PAYMENTS EU  66375161 0000000000536N
0516275    00600EUR2 08001818214B1021225     LIB*WUYZ(L. 4.JEAMAZON PAYMENTS EU
0516275    00600EUR2 08001818214B1021225     NPYMAXIME THOMAS
0516275    00600EUR2 08001818214B1021225     LCC404 0415037 3921918 AMZN MKTP FR 3SG34DNW6KJUD8DQ
0516275    00600EUR2 08001818214B1021225     RCN3SG34DNW6KJUD8DQ
0516275    00600EUR2 08001818214B1021225     RUMWUYZ(L. 4.JEWGWSHS. Y03ZPKMZCH     RCUR
0516275    00600EUR2 08001818214B1021225     CPYFR7616275006000800181412802
0516275    00600EUR2 08001818214B1021225     NBEAMAZON PAYMENTS EUROPE S  C  A AMAZON PAYMENTS EUROPE S C A
0516275    00600EUR2 08001818214B1021225     IBEDE94ZZZ00000561653                 SEPA
0416275RLV 00600EUR2E08001818214B1021225  011225*005011627500R.L.S.T.-REGIONALE  66418581 0000000001219L
0516275    00600EUR2 08001818214B1021225     LIB*005011627500R.L.S.T. REGIONALE
0516275    00600EUR2 08001818214B1021225     NPYSMOKEY BANH MI
0516275    00600EUR2 08001818214B1021225     LCC/INV/2500501 411308 25.11.2025
0516275    00600EUR2 08001818214B1021225     RCNF00516000407982025
0516275    00600EUR2 08001818214B1021225     RUM00501162750060008001814128         RCUR
0516275    00600EUR2 08001818214B1021225     CPYFR7616275006000800181412802
0516275    00600EUR2 08001818214B1021225     NBER.L.S.T. REGIONALE LOCATION ET SERVICES TEXTILES
0516275    00600EUR2 08001818214B1021225     IBEFR92ZZZ199435                      SEPA
0416275RLV 00600EUR2E0800181821430021225  021225CB SMOKEY BANH MI    011225      01274961 0000000002924{
0516275    00600EUR2 0800181821430021225     LIBCONTRAT 8984144     REM 127496
0416275RLV 00600EUR2E0800181821430021225  021225CB SMOKEY BANH MI    011225      01507191 0000000000149{
0516275    00600EUR2 0800181821430021225     LIBCONTRAT 8984144     REM 150719
0416275RLV 00600EUR2E08001818214B1021225  021225*SMOKEY      CTOONET             90504591 0000000004344J
0516275    00600EUR2 08001818214B1021225     LIB*SMOKEY      CTOONET
0516275    00600EUR2 08001818214B1021225     NPYSMOKEY BANH MI
0516275    00600EUR2 08001818214B1021225     LCCFACTURE FA00017856 DU 12/11/2025
0516275    00600EUR2 08001818214B1021225     RCNRGLT05949
0516275    00600EUR2 08001818214B1021225     RUMSMOKEY                             RCUR
0516275    00600EUR2 08001818214B1021225     CPYFR7616275006000800181412802
0516275    00600EUR2 08001818214B1021225     NBECTOONET
0516275    00600EUR2 08001818214B1021225     IBEFR63ZZZ575153                      SEPA
0416275RLV 00600EUR2E08001818214B1021225  021225*MANDAT NO CLDISTRISAVEURS       90480081 0000000004009P
0516275    00600EUR2 08001818214B1021225     LIB*MANDAT NO CLDISTRISAVEURS
0516275    00600EUR2 08001818214B1021225     NPYSMOKEY BANH MI
0516275    00600EUR2 08001818214B1021225     LCCMOTIF
0516275    00600EUR2 08001818214B1021225     RCNPREL. DU 30/11/2025       400.97
0516275    00600EUR2 08001818214B1021225     RUMMANDAT NO CL1449                   RCUR
0516275    00600EUR2 08001818214B1021225     CPYFR7616275006000800181412802
0516275    00600EUR2 08001818214B1021225     NBEDISTRISAVEURS
0516275    00600EUR2 08001818214B1021225     IBEFR15ZZZ83749E                      SEPA
0416275RLV 00600EUR2E08001818214B1021225  021225*JHVMVXC     GC RE ZELTY         90514061 0000000002388}
0516275    00600EUR2 08001818214B1021225     LIB*JHVMVXC     GC RE ZELTY
0516275    00600EUR2 08001818214B1021225     NPYSMOKEY BANH MI
0516275    00600EUR2 08001818214B1021225     IPYEUSEPADT 000BP3MNV0MA              PRVID
0516275    00600EUR2 08001818214B1021225     LCCREF 327793D38CB4348990
0516275    00600EUR2 08001818214B1021225     RCND 004DQAS18PZR
0516275    00600EUR2 08001818214B1021225     RUMJHVMVXC                            RCUR
0516275    00600EUR2 08001818214B1021225     CPYFR7616275006000800181412802
0516275    00600EUR2 08001818214B1021225     NBEGC RE ZELTY
0516275    00600EUR2 08001818214B1021225     IBEGB48ZZZSDDBARC0000007495895537     SEPA
0416275RLV 00600EUR2E08001818214B1021225  021225*FRMCC0132403METRO FRANCE S.A.S  90493221 0000000013478R
0516275    00600EUR2 08001818214B1021225     LIB*FRMCC0132403METRO FRANCE S.A.S
0516275    00600EUR2 08001818214B1021225     NPYSARL SMOKEY BANH MI
0516275    00600EUR2 08001818214B1021225     LCC/INV/0064.011471
0516275    00600EUR2 08001818214B1021225     RCN03811348182026                     TRAD
0516275    00600EUR2 08001818214B1021225     RUMFRMCC013240388001                  RCUR
0516275    00600EUR2 08001818214B1021225     CPYFR7616275006000800181412802
0516275    00600EUR2 08001818214B1021225     NBEMETRO FRANCE S.A.S. METRO FRANCE
0516275    00600EUR2 08001818214B1021225     IBEFR17ZZZ452888                      SEPA
0416275RLV 00600EUR2E0800181821462021225  021225*CB COM SMOKEY BANH MI 011225    97018161 0000000000015K
0516275    00600EUR2 0800181821462021225     LIBCONTRAT 8984144 REM 127496
0416275RLV 00600EUR2E0800181821462021225  021225*CB COM SMOKEY BANH MI 011225    97224621 0000000000000N
0516275    00600EUR2 0800181821462021225     LIBCONTRAT 8984144 REM 150719
0716275RLV 00600EUR2 08001818214  021225                                                  0000000046591H
0114806    18000EUR2 72013066790  011225EIRL DE FARIA PLOMBERIE          COMPTE COURANT   0000000251159A  231
0714806    18000EUR2 72013066790  021225        ------------------------------            0000000251159A
0114806    58000EUR2 70059049083  011225SC CAE                           COMPTE COURANT   0000000112166I  231
0714806    58000EUR2 70059049083  021225        ------------------------------            0000000112166I
0110206    00232EUR2 98789930469  011225PREVENTECH                       COMPTE COURANT   0000000130379C  151
0410206006300232EUR2E9878993046976011225  021225DAT 24M ABO PRO AP               0000000100000000001000}
0410206005200232EUR2E9878993046911021225  021225CARTE X7320 V S A VILLENEUVE SU  0000000100000000000400}
0410206000100232EUR2E9878993046904021225  021225GUIGNICOURT INT 2 02/12/25 10H5  0000000100000000043800{
0410206005200232EUR2E9878993046911021225  021225CARTE X7320 MC DONALDS 548 SAIN  0000000100000000000285R
0410206005200232EUR2E9878993046911021225  021225CARTE X7320 L EDITO REIMS        0000000100000000000687}
0710206    00232EUR2 98789930469  021225                                                  0000000171806D
0110206    00042EUR2 98765200461  011225SARL DERICE                      COMPTE COURANT   0000000032394C  085
0710206    00042EUR2 98765200461  021225        ------------------------------            0000000032394C
0117906    00112EUR2 96382629136  011225EIRL ECO BAT                     COMPTE COURANT   0000000038032B  098
0717906    00112EUR2 96382629136  021225        ------------------------------            0000000038032B
0114445RLV 00400EUR2 08005823047  011225BREIZH EXOTIK EPICERIE                            0000000033124D        DATALYS
0414445RLV 00400EUR2E0800582304707021225  011225LCR 662766 RLV 00000157          11595420 0000000005028Q
0514445    00400EUR2 0800582304707021225     LIBROSEDOR SAS
0414445RLV 00400EUR2E0800582304707021225  011225LCR 672120 RLV 00000158          11643490 0000000025454N
0514445    00400EUR2 0800582304707021225     LIBHOME EDELWEISS
0714445RLV 00400EUR2 08005823047  021225                                                  0000000002641A