0130004    00819EUR2 00010141000  271125MR CARTON MATTHIEU               COMPTE COURANT   0000002000655H
0730004    00819EUR2 00010141000  281125                                                  0000002000655H
0130004    00816EUR2 00010219052  271125DR LAURENCE TRACQ                DOCTEUR LAURENCE 0000000463491G
0430004008300816EUR2 0001021905228281125  281125DU 101125 PAYPAL *GOOGLE LUXEMB  00000000 0000000000019ROURG CARTE 4974X
0530004    00816EUR2 0001021905228281125     LIBXXXXXXX5209
0430004008300816EUR2 0001021905228281125  281125DU 261125 GOOGLE ONE CARTE 4974  00000000 0000000000029RXXXXXXXX5209 IRL
0530004    00816EUR2 0001021905228281125     LIB 2 99EUR
0430004008300816EUR2 0001021905228281125  281125DU 011125 GOOGLE GSUITE L CARTE  00000000 0000000000097K 4974XXXXXXXX520
0530004    00816EUR2 0001021905228281125     LIB9 FRA 9 72EUR
0430004008300816EUR2 0001021905228281125  281125DU 311025 PAYPAL *LE MOND LUXEM  00000000 0000000000119RBOURG CARTE 4974
0530004    00816EUR2 0001021905228281125     LIBXXXXXXXX5209
0430004008300816EUR2 0001021905228281125  281125DU 221125 DNH*GODADDY 395 CARTE  00000000 0000000000127J 4974XXXXXXXX520
0530004    00816EUR2 0001021905228281125     LIB9 GBR 12 71EUR
0430004008300816EUR2 0001021905228281125  281125DU 041125 BRICOMAN SENS CARTE 4  00000000 0000000000150}974XXXXXXXX3413
0430004008300816EUR2 0001021905228281125  281125DU 301025 AMAZON EU SARL PAYLI2  00000000 0000000000169R090401/ CARTE 49
0530004    00816EUR2 0001021905228281125     LIB74XXXXXXXX5209
0430004008300816EUR2 0001021905228281125  281125DU 121125 E.LECLERC ST DENIS LE  00000000 0000000000204}S CARTE 4974XXXX
0530004    00816EUR2 0001021905228281125     LIBXXXX3413
0430004008300816EUR2 0001021905228281125  281125DU 201125 DORAS PONT YONN PONT   00000000 0000000000211KSUR YONN CARTE 4
0530004    00816EUR2 0001021905228281125     LIB974XXXXXXXX5209
0430004008300816EUR2 0001021905228281125  281125DU 151125 IONOS SARL CARTE 4974  00000000 0000000000283MXXXXXXXX5209 FRA
0530004    00816EUR2 0001021905228281125     LIB 28 34EUR
0430004008300816EUR2 0001021905228281125  281125DU 031125 BRICOMAN SENS CARTE 4  00000000 0000000000297}974XXXXXXXX3413
0430004008300816EUR2 0001021905228281125  281125DU 191125 AMAZON PAYMENTS PAYLI  00000000 0000000000322N2441535/ CARTE 4
0530004    00816EUR2 0001021905228281125     LIB974XXXXXXXX5209
0430004008300816EUR2 0001021905228281125  281125DU 121125 EXPERT JARDIN ST CLEM  00000000 0000000000358}ENT CARTE 4974XX
0530004    00816EUR2 0001021905228281125     LIBXXXXXX3413
0430004008300816EUR2 0001021905228281125  281125DU 041125 BRICOMAN SENS CARTE 4  00000000 0000000000500M974XXXXXXXX3413
0430004008300816EUR2 0001021905228281125  281125DU 131125 E.LECLERC ST DENIS LE  00000000 0000000000580QS CARTE 4974XXXX
0530004    00816EUR2 0001021905228281125     LIBXXXX3413
0430004008300816EUR2 0001021905228281125  281125DU 141125 AVIA DAC PONT SUR YON  00000000 0000000000633ON CARTE 4974XXXX
0530004    00816EUR2 0001021905228281125     LIBXXXX3413
0430004008300816EUR2 0001021905228281125  281125DU 061125 BRICOMAN SENS CARTE 4  00000000 0000000000869}974XXXXXXXX3413
0430004008300816EUR2 0001021905228281125  281125DU 041125 LA FOIR FOUILLE SENS   00000000 0000000000899QCARTE 4974XXXXXX
0530004    00816EUR2 0001021905228281125     LIBXX3413
0430004008300816EUR2 0001021905228281125  281125DU 041125 BRICOMAN SENS CARTE 4  00000000 0000000000958L974XXXXXXXX3413
0430004008300816EUR2 0001021905228281125  281125DU 061125 E.LECLERC ST DENIS LE  00000000 0000000001367QS CARTE 4974XXXX
0530004    00816EUR2 0001021905228281125     LIBXXXX3413
0430004008300816EUR2 0001021905228281125  281125DU 081125 BRICOMAN SENS CARTE 4  00000000 0000000001378}974XXXXXXXX3413
0430004008300816EUR2 0001021905228281125  281125DU 261125 AMAZON PAYMENTS PAYLI  00000000 0000000001422}2441535/ CARTE 4
0530004    00816EUR2 0001021905228281125     LIB974XXXXXXXX5209
0730004    00816EUR2 00010219052  281125                                                  0000000452492{
0130004    00967EUR2 00010226493  271125MENILLET COURTAGE                COMPTE COURANT   0000000000588P
0430004009900967EUR2 0001022649330271125  2811252711 N.47343 DE 75PARIS 16       147343   0000000000803F   N.COM.4147759
0530004    00967EUR2 0001022649330271125     LIB2711 N.47343 DE 75PARIS 16 N.COM.4147759016
0430004081300967EUR2 00010226493B1281125  281125PRLV SEPA/EDENRED FRANCE SAS-ED         0 0000000000115KFR64ZZZ409362
0530004    00967EUR2 00010226493B1281125     NBEEDENRED FRANCE SAS-EDENRED FRANCE
0530004    00967EUR2 00010226493B1281125     IBEFR64ZZZ409362
0530004    00967EUR2 00010226493B1281125     LCCFACTURE Z25MA06278599
0530004    00967EUR2 00010226493B1281125     RCNCA431F8BAAF441228A16BE49D63F33DB   INSU
0530004    00967EUR2 00010226493B1281125     RUM552AA4DC011E492A976FE244DC865FC9   RCUR
0430004056800967EUR2 0001022649318281125  281125AMERICAN EXPRESS PAYMENTS EUROP  0000000  0000000000121EAMEXSCT745408597
0530004    00967EUR2 0001022649318281125     NPYAMERICAN EXPRESS PAYMENTS EUROPE SL
0530004    00967EUR2 0001022649318281125     LCCAMERICAN EXPRESS/SE7454085978/DT20251125/TR1/GR12.15/DI0.00
0530004    00967EUR2 0001022649318281125     RCNAMEXSCT74540859780493300129736T45
0530004    00967EUR2 0001022649318281125     PDOFR FRANCE
0430004008300967EUR2 0001022649328281125  281125DU 271125 MONOPRIX BOULOGNE BIL  00000000 0000000000227RL CARTE 4974XXXX
0530004    00967EUR2 0001022649328281125     LIBXXXX0806
0730004    00967EUR2 00010226493  281125                                                  0000000000006P
0111006    43100EUR2 24592314909  271125GHM                              COMPTE COURANT   0000000291539B  229
0711006    43100EUR2 24592314909  281125        ------------------------------            0000000291539B
0118706    00000EUR2 97539269449  271125AUTO STORY                       COMPTE COURANT   0000000061632E  229
0718706    00000EUR2 97539269449  281125        ------------------------------            0000000061632E
0118706    00000EUR2 97547520124  271125CAUVALEX MANUTENTION             COMPTE COURANT   0000000020018O  229
0718706    00000EUR2 97547520124  281125        ------------------------------            0000000020018O
0130003    01312EUR2 00020493128  271125THEMA PLUS SARL               THEMA PLUS SARL     0000000269614{
0430003073001312EUR2 00020493128302811250028112527/11 R40781 CT3732430902        00407810 0000000000943{REMISE CB /
0530003    01312EUR2 0002049312830281125     LIBBT        95 00E COM     0 70E
0430003073001312EUR2 00020493128302811250028112527/11 R40595 CT3732430901        00405950 0000000000896AREMISE CB /
0530003    01312EUR2 0002049312830281125     LIBBT        90 00E COM     0 39E
0430003073001312EUR2 00020493128302811250028112527/11 R40762 CT3732430902        00407620 0000000000418BREMISE CB /
0530003    01312EUR2 0002049312830281125     LIBBT        42 00E COM     0 18E
0430003219001312EUR2 000204931281828112500281125ERF-TRD-04823EDENRED FRANCE      00000000 0000000001091B5990292610S
0530003    01312EUR2 0002049312818281125     NPYEDENRED FRANCE
0530003    01312EUR2 0002049312818281125     LCCERF-TRD-0482378-25112025-1
0530003    01312EUR2 0002049312818281125     RCNVSCT-TX-41393
0730003    01312EUR2 00020493128  281125                                                  0000000272962E
0130003    00885EUR2 00020044765  271125SAS COUTURE IMMO                 COMPTE COURANT   0000000016495Q
0730003    00885EUR2 00020044765  281125                                                  0000000016495Q
0111006    43100EUR2 52151693641  271125MENILLET COURTAGE                COMPTE COURANT   0000000062124{  229
0411006005243100EUR2E5215169364111281125  281125CARTE X5538 BUREAU VALLEE SENS   0000000000000000000254O
0411006002643100EUR2E5215169364106281125  281125WEB JEAN BAPTISTE BOURDON        0000000000000000013000}
0511006    43100EUR2 5215169364106281125     NPYS.C.E.A. SCEA JARDIN BIO DU BOIS RAM EAU
0511006    43100EUR2 5215169364106281125     NBEJEAN BAPTISTE BOURDON
0511006    43100EUR2 5215169364106281125     LIBAGRIFRPP810
0511006    43100EUR2 5215169364106281125     MMOEUR200000000130000
0511006    43100EUR2 5215169364106281125     CBEFR7611006431002280589300180
0411006000043100EUR2E5215169364105281125  281125VIR MILLE PATES VG53313PJDJHSN0  0000000100000000003400E
0511006    43100EUR2 5215169364105281125     NPYMILLE PATES
0511006    43100EUR2 5215169364105281125     NBEJARDIN DU BOIS RAMEAU (OEUFS)
0511006    43100EUR2 5215169364105281125     LCCLA MARANDE
0511006    43100EUR2 5215169364105281125     RCNVG53313PJDJHSN01
0511006    43100EUR2 5215169364105281125     LIBCMCIFRPPXXX
0511006    43100EUR2 5215169364105281125     MMOEUR200000000034005
0711006    43100EUR2 52151693641  281125                                                  0000000052269I
0130002    06938EUR2 0000071E365  271125SARL AGENCE DIAG EXPERT          COMPTE COURANT   0000000210162{
0430002907006938EUR2E0000071E3659127112500271125LCL A LA CARTE PRO               0000000000000000000002I0000000000000000
0530002    06938EUR2 0000071E36591271125     LIBVOTRE REMISE SUR PRODUITS      99
0530002    06938EUR2 0000071E36591271125     LIBSOUSCRITS - 11/25 - 03         99
0430002907506938EUR2E0000071E3659127112500271125COTISATION DE VOTRE OPTION PRO   0000000100000000000278M0000000000000000
0730002    06938EUR2 0000071E365  281125                                                  0000000209886E
0130004    00804EUR2 00010476479  271125SCI ACDB                         COMPTE COURANT   0000000612353{
0430004000100804EUR2 0001047647901281125  271125CHEQUE N.3515798                 35157980 0000000000180}
0430004000100804EUR2 0001047647901281125  271125CHEQUE N.3515796                 35157960 0000000014181Q
0730004    00804EUR2 00010476479  281125                                                  0000000597991B
0130004    01340EUR2 00010096067  271125GV LOGEMENT                      COMPTE COURANT   0000000029491G
0430004009901340EUR2 0001009606730271125  2811252711 N.52493 DE 78AUBERGENVILLE  252493   0000000000460E   N.COM.4988531
0530004    01340EUR2 0001009606730271125     LIB N.COM.4988531016
0430004009901340EUR2 0001009606730271125  2811252711 N.05690 DE 78AUBERGENVILLE  305690   0000000009801H   N.COM.4988532
0530004    01340EUR2 0001009606730271125     LIB N.COM.4988532013
0430004008301340EUR2 0001009606728281125  281125DU 251125 COCCINELLE AUBE AUBER  00000000 0000000000196MGENVILLE CARTE 4
0530004    01340EUR2 0001009606728281125     LIB974XXXXXXXX1012
0430004008301340EUR2 0001009606728281125  281125DU 151125 GOOD DESTOCK LES MURE  00000000 0000000000218NAUX CARTE 4974XX
0530004    01340EUR2 0001009606728281125     LIBXXXXXX1012
0430004081301340EUR2 00010096067B1281125  281125PRLV SEPA/LOCAM                         0 0000000000300}FR91ZZZ113026
0530004    01340EUR2 00010096067B1281125     NBELOCAM
0530004    01340EUR2 00010096067B1281125     IBEFR91ZZZ113026
0530004    01340EUR2 00010096067B1281125     LCCPRELEVEMENT LOCAM PARTENAIRE DE LEASATIS CAPITA DOSSIER 1852178 CONTRA
0530004    01340EUR2 00010096067B1281125     LC2T CHAMBRE DE FERM FACTURE 2025 0220515
0530004    01340EUR2 00010096067B1281125     RCNLB0220515X000281120252025FNXREML
0530004    01340EUR2 00010096067B1281125     RUMLD185217820240069726               RCUR
0430004008301340EUR2 0001009606728281125  281125DU 231125 COCCINELLE AUBE AUBER  00000000 0000000000433KGENVILLE CARTE 4
0530004    01340EUR2 0001009606728281125     LIB974XXXXXXXX1012
0430004081301340EUR2 00010096067B1281125  281125PRLV SEPA/ORANGE SA                     0 0000000000576}FR18ZZZ002305
0530004    01340EUR2 00010096067B1281125     NBEORANGE SA
0530004    01340EUR2 00010096067B1281125     IBEFR18ZZZ002305
0530004    01340EUR2 00010096067B1281125     LCCVOTRE ABONNEMENT INTERNET (FACTURE  XXXXX7535I4) - P
0530004    01340EUR2 00010096067B1281125     RCN1C108N753 C108N7535I477E
0530004    01340EUR2 00010096067B1281125     RUMM0056593433                        RCUR
0430004008301340EUR2 0001009606728281125  281125DU 111125 MP*CARREFOUR DA FLINS  00000000 0000000000797K SUR SEI CARTE 4
0530004    01340EUR2 0001009606728281125     LIB974XXXXXXXX1012
0430004008301340EUR2 0001009606728281125  281125DU 211125 MP*CARREFOUR DA FLINS  00000000 0000000000823M SUR SEI CARTE 4
0530004    01340EUR2 0001009606728281125     LIB974XXXXXXXX1012
0430004008301340EUR2 0001009606728281125  281125DU 181125 TOTAL EPONE CARTE 497  00000000 0000000001140}4XXXXXXXX1012
0430004056801340EUR2 0001009606718281125  281125PLUXEE FRANCE                    0000000  0000000001233FSOD-TRD-2093591-
0530004    01340EUR2 0001009606718281125     NPYPLUXEE FRANCE
0530004    01340EUR2 0001009606718281125     RCNSOD-TRD-2093591-23112025
0530004    01340EUR2 0001009606718281125     PDOFR FRANCE
0430004008301340EUR2 0001009606728281125  281125DU 181125 ALIM ISTAMBUL LES MUR  00000000 0000000001500}EAUX CARTE 4974X
0530004    01340EUR2 0001009606728281125     LIBXXXXXXX1012
0730004    01340EUR2 00010096067  281125                                                  0000000035002I
0130004    01401EUR2 00010052800  271125GEOBATI                          COMPTE COURANT   0000000695145{
0730004    01401EUR2 00010052800  281125                                                  0000000695145{
0118706    00000EUR2 00032840693  271125AUTO MOTO ECOLE TINQUEUX         COMPTE COURANT   0000000360744A  229
0418706002600000EUR2E0003284069306281125  281125WEB EXHIBIT FACTURE 129624       0000000000000000002508}
0518706    00000EUR2 0003284069306281125     NPYS.A.S.   DOMISA GRAPHIQUE
0518706    00000EUR2 0003284069306281125     NBEEXHIBIT
0518706    00000EUR2 0003284069306281125     RCNFACTURE 129624
0518706    00000EUR2 0003284069306281125     LIBAGRIFRPP887
0518706    00000EUR2 0003284069306281125     MMOEUR200000000025080
0518706    00000EUR2 0003284069306281125     CBEFR7630003009500002002493566
0418706000000000EUR2E0003284069305281125  281125VIR ENSEMBLE MUSICAL NOTESOLIDA  0000000100000000000799B
0518706    00000EUR2 0003284069305281125     NPYENSEMBLE MUSICAL NOTESOLIDAIRES
0518706    00000EUR2 0003284069305281125     NBEFR7618706000000003284396018
0518706    00000EUR2 0003284069305281125     LCCF 255607
0518706    00000EUR2 0003284069305281125     RCNF 255607
0518706    00000EUR2 0003284069305281125     LIBCMCIFR2AXXX
0518706    00000EUR2 0003284069305281125     MMOEUR200000000007992
0418706000000000EUR2E0003284069305281125  281125VIR ENSEMBLE MUSICAL NOTESOLIDA  0000000100000000000355B
0518706    00000EUR2 0003284069305281125     NPYENSEMBLE MUSICAL NOTESOLIDAIRES
0518706    00000EUR2 0003284069305281125     NBEDOMISA
0518706    00000EUR2 0003284069305281125     LCCF 255473
0518706    00000EUR2 0003284069305281125     RCNF 255473
0518706    00000EUR2 0003284069305281125     LIBCMCIFR2AXXX
0518706    00000EUR2 0003284069305281125     MMOEUR200000000003552
0418706000000000EUR2E0003284069305281125  281125VIR SGC FONTAINEBLEAU 160770340  0000000100000000001620{
0518706    00000EUR2 0003284069305281125     NPYSGC FONTAINEBLEAU
0518706    00000EUR2 0003284069305281125     NBEDOMISA GRAPHIQUE
0518706    00000EUR2 0003284069305281125     NPOMORET-LOING-ET-ORVANNE
0518706    00000EUR2 0003284069305281125     LCCN FACT 255489 DU 15/10/2025IMPRESSION PLAQUES DYBON JARDINIERESMORET-L
0518706    00000EUR2 0003284069305281125     LC2OING-ET-ORVANNE
0518706    00000EUR2 0003284069305281125     RCN1607703405100026112025-5399
0518706    00000EUR2 0003284069305281125     LIBBDFEFRPP
0518706    00000EUR2 0003284069305281125     MMOEUR200000000016200
0418706000000000EUR2E0003284069305281125  281125VIR SGC FONTAINEBLEAU 160770340  0000000100000000000264{
0518706    00000EUR2 0003284069305281125     NPYSGC FONTAINEBLEAU
0518706    00000EUR2 0003284069305281125     NBEDOMISA GRAPHIQUE
0518706    00000EUR2 0003284069305281125     NPOMORET-LOING-ET-ORVANNE
0518706    00000EUR2 0003284069305281125     LCCN FACT 255539 DU 31/10/2025AFFICHES MINERALMORET-LOING-ET-ORVANNE
0518706    00000EUR2 0003284069305281125     RCN1607703405100026112025-5400
0518706    00000EUR2 0003284069305281125     LIBBDFEFRPP
0518706    00000EUR2 0003284069305281125     MMOEUR200000000002640
0418706000000000EUR2E0003284069305281125  281125VIR FESTIVAL LE SENS DE L HUMOU  0000000100000000009600{
0518706    00000EUR2 0003284069305281125     NPYFESTIVAL LE SENS DE L HUMOUR
0518706    00000EUR2 0003284069305281125     NBEDOMISA GRAPHIQUE
0518706    00000EUR2 0003284069305281125     LCCFACTURE 255567
0518706    00000EUR2 0003284069305281125     RCNFACTURE 255567
0518706    00000EUR2 0003284069305281125     LIBSOGEFRPP
0518706    00000EUR2 0003284069305281125     MMOEUR200000000096000
0418706000000000EUR2E0003284069305281125  281125VIR ROBOT COUPE SNC BQ25031865-  9329749100000000126024{
0518706    00000EUR2 0003284069305281125     NPYROBOT COUPE SNC
0518706    00000EUR2 0003284069305281125     NBEDOMISA GRAPHIQUE
0518706    00000EUR2 0003284069305281125     LCC255420 255424 255426 255425 255422 255346
0518706    00000EUR2 0003284069305281125     RCNBQ25031865-5639329749
0518706    00000EUR2 0003284069305281125     LIBBNPAFRPPPLZ
0518706    00000EUR2 0003284069305281125     MMOEUR200000001260240
0418706000000000EUR2E0003284069305281125  281125VIR MAGIMIX BQ25039539-56393310  9331068100000000001488{
0518706    00000EUR2 0003284069305281125     NPYMAGIMIX
0518706    00000EUR2 0003284069305281125     NBEDOMISA GRAPHIQUE
0518706    00000EUR2 0003284069305281125     LCC255428
0518706    00000EUR2 0003284069305281125     RCNBQ25039539-5639331068
0518706    00000EUR2 0003284069305281125     LIBBNPAFRPPPLZ
0518706    00000EUR2 0003284069305281125     MMOEUR200000000014880
0418706000000000EUR2E0003284069305281125  281125VIR NHC SAS VIR. NHC SAS         0000000100000000003240{
0518706    00000EUR2 0003284069305281125     NPYNHC SAS
0518706    00000EUR2 0003284069305281125     NBEDOMISA GRAPHIQUE
0518706    00000EUR2 0003284069305281125     LCC255518-255519
0518706    00000EUR2 0003284069305281125     RCNVIR. NHC SAS
0518706    00000EUR2 0003284069305281125     LIBBNPAFRPPPTX
0518706    00000EUR2 0003284069305281125     MMOEUR200000000032400
0418706000000000EUR2E0003284069305281125  281125VIR BTP CONCEPT VG53312VRKEYWH0  0000000100000000003120{
0518706    00000EUR2 0003284069305281125     NPYBTP CONCEPT
0518706    00000EUR2 0003284069305281125     NBESAS DOMISA GRAPHIQUE
0518706    00000EUR2 0003284069305281125     LCCFACTURE 255603                     BTP CONCEPT
0518706    00000EUR2 0003284069305281125     RCNVG53312VRKEYWH01
0518706    00000EUR2 0003284069305281125     LIBCMCIFRPPXXX
0518706    00000EUR2 0003284069305281125     MMOEUR200000000031200
0418706000000000EUR2E0003284069305281125  281125VIR LE TRIPODE FACTURE 255572    0000000100000000001500{
0518706    00000EUR2 0003284069305281125     NPYLE TRIPODE
0518706    00000EUR2 0003284069305281125     NBEDOMISA GRAPHIQUE
0518706    00000EUR2 0003284069305281125     RCNFACTURE 255572
0518706    00000EUR2 0003284069305281125     LIBCCOPFRPPXXX
0518706    00000EUR2 0003284069305281125     MMOEUR200000000015000
0418706000000000EUR2E0003284069305281125  281125VIR LIBRAIRIE PAPETERIE DU MARC  0000000100000000000780{
0518706    00000EUR2 0003284069305281125     NPYLIBRAIRIE PAPETERIE DU MARCHE
0518706    00000EUR2 0003284069305281125     NBESAS DOMISA GRAPHIQUE
0518706    00000EUR2 0003284069305281125     LCCLIBRAIRIE DU MARCHE                FCT 255601
0518706    00000EUR2 0003284069305281125     RCNVG53313BMDNFQ201
0518706    00000EUR2 0003284069305281125     LIBCMCIFRPPXXX
0518706    00000EUR2 0003284069305281125     MMOEUR200000000007800
0418706000000000EUR2E00032840693C2281125  281125VIR INST DE ASSOC. TENNIS CLUB   0000000100000000001350{
0518706    00000EUR2 00032840693C2281125     NPYASSOC. TENNIS CLUB SOUCY
0518706    00000EUR2 00032840693C2281125     NBEDOMISA GRAPHIQUE
0518706    00000EUR2 00032840693C2281125     REF                                   570117FE794C479A9DDF2321B96BC352
0518706    00000EUR2 00032840693C2281125     CBEFR7618706000000003284396018
0418706000200000EUR2E0003284069302281125  281125REMISE CHQ 2692293               2692293100000000001032{
0418706002600000EUR2E0003284069306281125  281125WEB BIENVENU ISALINE SALAIRE IS  0000000000000000025412O
0518706    00000EUR2 0003284069306281125     NPYS.A.S.   DOMISA GRAPHIQUE
0518706    00000EUR2 0003284069306281125     NBEBIENVENU ISALINE
0518706    00000EUR2 0003284069306281125     RCNSALAIRE ISALINE NOVEMBRE
0518706    00000EUR2 0003284069306281125     LIBAGRIFRPP887
0518706    00000EUR2 0003284069306281125     MMOEUR200000000254126
0518706    00000EUR2 0003284069306281125     CBEFR7618706000009750134781038
0418706002600000EUR2E00032840693C1281125  281125VIR INST VERS BIENVENU LUCILE -  0000000000000000026055J
0518706    00000EUR2 00032840693C1281125     NPYS.A.S. DOMISA GRAPHIQUE
0518706    00000EUR2 00032840693C1281125     NBEBIENVENU LUCILE - BOURSO
0518706    00000EUR2 00032840693C1281125     RCNSALAIRE LUCILE NOVEMBRE
0518706    00000EUR2 00032840693C1281125     REF                                   3A10D65CFAF04605AB07047DCA8B98E4
0518706    00000EUR2 00032840693C1281125     CBEFR7640618804010004098656992
0418706002600000EUR2E0003284069306281125  281125WEB MR OU MME DOMINIQUE SALAIRE  0000000000000000021876R
0518706    00000EUR2 0003284069306281125     NPYS.A.S.   DOMISA GRAPHIQUE
0518706    00000EUR2 0003284069306281125     NBEMR OU MME DOMINIQUE BIENVENU
0518706    00000EUR2 0003284069306281125     RCNSALAIRE ISABELLE NOVEMBRE
0518706    00000EUR2 0003284069306281125     LIBAGRIFRPP887
0518706    00000EUR2 0003284069306281125     MMOEUR200000000218769
0518706    00000EUR2 0003284069306281125     CBEFR7618706000002130598600014
0418706002600000EUR2E00032840693C1281125  281125VIR INST VERS RACHEL THERON      0000000000000000014087L
0518706    00000EUR2 00032840693C1281125     NPYS.A.S. DOMISA GRAPHIQUE
0518706    00000EUR2 00032840693C1281125     NBERACHEL THERON
0518706    00000EUR2 00032840693C1281125     RCNSALAIRE RACHEL NOVEMBRE
0518706    00000EUR2 00032840693C1281125     REF                                   36FBD540D32543D88972ACA5B572183C
0518706    00000EUR2 00032840693C1281125     CBEFR7611006460002460215197996
0718706    00000EUR2 00032840693  281125                                                  0000000421976F
0118706    00000EUR2 72203315574  271125LE MARTELOT BRUNO                                 0000000109495{  229
0418706002600000EUR2E7220331557406281125  281125WEB CHARLES OLIVEIRA SILVA       0000000100000000020000}
0518706    00000EUR2 7220331557406281125     NPYM.       OLIVEIRA SILVA CHARLES
0518706    00000EUR2 7220331557406281125     NBECHARLES OLIVEIRA SILVA
0518706    00000EUR2 7220331557406281125     LIBAGRIFRPP887
0518706    00000EUR2 7220331557406281125     MMOEUR200000000200000
0518706    00000EUR2 7220331557406281125     CBEFR7618706000007216240267103
0718706    00000EUR2 72203315574  281125                                                  0000000089495{
0130003    01312EUR2 00020562732  271125BCP SARL                                          0000000131605H
0730003    01312EUR2 00020562732  281125                                                  0000000131605H
0130004    00809EUR2 00010212377  271125SC CAE                           COMPTE COURANT   0000000033977E
0430004008300809EUR2 0001021237728281125  281125DU 081125 ESSO MARCOUSSIS MARCO  00000000 0000000000491Q 560912/ CARTE 4
0530004    00809EUR2 0001021237728281125     LIB974XXXXXXXX4534
0730004    00809EUR2 00010212377  281125                                                  0000000033485G
0130002    06953EUR2 0000071G130  271125TECHNIQUES ET NORMES DE COUVERT  COMPTE COURANT   0000000339092H
0430002907006953EUR2E0000071G1309127112500271125LCL A LA CARTE PRO               0000000000000000000010B0000000000000000
0530002    06953EUR2 0000071G13091271125     LIBVOTRE REMISE SUR PRODUITS      99
0530002    06953EUR2 0000071G13091271125     LIBSOUSCRITS - 11/25 - 05         99
0430002907506953EUR2E0000071G1309127112500271125COTISATION DE VOTRE OPTION PRO   0000000100000000000362M0000000000000000
0430002100806953EUR2E0000071G1300128112500281125CHQ. 0437471                     0437471000000000001600O0000000081027800
0430002111606953EUR2E0000071G1302828112500281125 CB79INTERMARCHE      26/11/25   0096679000000000000888R3641870600104096
0530002    06953EUR2 0000071G13028281125     LIBCBLM THEODORE WIBAUX           99
0430002111606953EUR2E0000071G1302828112500281125 CB79INDIGO930320     27/11/25   0096679000000000000182}3643000200104096
0530002    06953EUR2 0000071G13028281125     LIBCBLM THEODORE WIBAUX           99
0430002111606953EUR2E0000071G1302828112500281125 CB79APRR AUTOROU     27/11/25   0096679000000000000019}3641189900104096
0530002    06953EUR2 0000071G13028281125     LIBCBLM THEODORE WIBAUX           99
0730002    06953EUR2 0000071G130  281125                                                  0000000336050A
0113807    00582EUR2 32721049459  271125BC2L IMMOBILIER                  COMPTE COURANT   0000000093605P
0413807020600582EUR2E3272104945930281125  271125REM CB CIONS         5386271016  0955145100000000000111{
0513807    00582EUR2 3272104945930281125     LIB                - NB0003/100145
0413807020600582EUR2E3272104945930281125  271125REM CB CIONS         5386298012  0965147100000000002990E
0513807    00582EUR2 3272104945930281125     LIB                - NB0048/100147
0413807061000582EUR2E3272104945966281125  281125COM CIONS CB         5386271016  0955145100000000000000M
0513807    00582EUR2 3272104945966281125     LIB                - NB0003/100145
0413807061000582EUR2E3272104945966281125  281125COM CIONS CB         5386298012  0965147100000000000013O
0513807    00582EUR2 3272104945966281125     LIB                - NB0048/100147
0413807049900582EUR2E3272104945962281125  281125LOYER TPE                        5386271000000000000384}MOIS DE NOVEMBRE
0513807    00582EUR2 3272104945962281125     LIBMOIS DE NOVEMBRE 2025
0513807    00582EUR2 3272104945962281125     LIBHT:     32,00/TVA20,00:     6,40
0413807049900582EUR2E3272104945962281125  281125LOYER TPE                        5386271000000000000384}MOIS DE NOVEMBRE
0513807    00582EUR2 3272104945962281125     LIBMOIS DE NOVEMBRE 2025
0513807    00582EUR2 3272104945962281125     LIBHT:     32,00/TVA20,00:     6,40
0413807049900582EUR2E3272104945962281125  281125LOYER TPE                        5386271000000000000345OMOIS DE NOVEMBRE
0513807    00582EUR2 3272104945962281125     LIBMOIS DE NOVEMBRE 2025
0513807    00582EUR2 3272104945962281125     LIBHT:     28,80/TVA20,00:     5,76
0413807006000582EUR2E3272104945906281125  281125VIREMENT                         5447526000000000005000}VIREMENT VERS CO
0513807    00582EUR2 3272104945906281125     LIBVIREMENT VERS COMPTE CHEQUE
0413807012500582EUR2E3272104945911281125  281125CARTE DEBIT DIFFERE              0000000000000000007349}
0713807    00582EUR2 32721049459  281125                                                  0000000103980Q