0116906    00028EUR2 87052423549  021225CM MARECHALERIE                  COMPTE COURANT   0000000035812D  232
0416906005200028EUR2E8705242354911031225  031225CARTE X0850 ETXE GOXOAN CIBOURE  0000000000000000000041}
0416906005200028EUR2E8705242354911031225  031225CARTE X0850 VOLAILLES MAYIE ST   0000000000000000000153K
0716906    00028EUR2 87052423549  031225                                                  0000000035618B
0116606    00048EUR2 48503511111  021225AGENCE LOCALE D               ALEC SUD PARISIENNE 0000000039508B  232
0716606    00048EUR2 48503511111  031225        ------------------------------            0000000039508B
0116906    30023EUR2 87046633179  021225DUMAS JULIETTE                                    0000000122826H  232
0716906    30023EUR2 87046633179  031225        ------------------------------            0000000122826H