0110207    00013EUR2 22218401015  281125BOUCHERIE EL MANAR               COMPTE COURANT   0000000319717D
0410207050500013EUR2E2221840101505011225  011225EUROVIREMENT                     F9T9WVI000000000005013E
0510207    00013EUR2 2221840101505011225     LIBEVI RENDEL BRETONNERIE
0510207    00013EUR2 2221840101505011225     MMOEUR2000000000501350000000000000
0510207    00013EUR2 2221840101505011225     NPYRENDEL BRETONNERIE
0510207    00013EUR2 2221840101505011225     NBEOPTICAL SERVICE CONSULTING
0510207    00013EUR2 2221840101505011225     RCNF 2025-10-45 RENDEL BRET/OSC
0410207050500013EUR2E2221840101505011225  011225EUROVIREMENT                     F9T9ULL000000000096543CF 2025-10-44 REN
0510207    00013EUR2 2221840101505011225     LIBF 2025-10-44 RENDEL/OSC
0510207    00013EUR2 2221840101505011225     LIBEVI RENDEL OPTICAL
0510207    00013EUR2 2221840101505011225     MMOEUR2000000009654330000000000000
0510207    00013EUR2 2221840101505011225     NPYRENDEL OPTICAL
0510207    00013EUR2 2221840101505011225     NBEOPTICAL SERVICE CONSULTING
0510207    00013EUR2 2221840101505011225     LCCF 2025-10-44 RENDEL/OSC
0510207    00013EUR2 2221840101505011225     RCNF 2025-10-44 RENDEL/OSC
0410207050500013EUR2E2221840101505011225  011225EUROVIREMENT                     F9T9TM1000000000015972{F 2025-10-17 REN
0510207    00013EUR2 2221840101505011225     LIBF 2025-10-17 RENDEL/OSC
0510207    00013EUR2 2221840101505011225     LIBEVI RENDEL OPTICAL
0510207    00013EUR2 2221840101505011225     MMOEUR2000000001597200000000000000
0510207    00013EUR2 2221840101505011225     NPYRENDEL OPTICAL
0510207    00013EUR2 2221840101505011225     NBEOPTICAL SERVICE CONSULTING
0510207    00013EUR2 2221840101505011225     LCCF 2025-10-17 RENDEL/OSC
0510207    00013EUR2 2221840101505011225     RCNF 2025-10-17 RENDEL/OSC
0410207008000013EUR2E2221840101505011225  011225VIREMENT                         0990877000000000023000{
0510207    00013EUR2 2221840101505011225     LIBVIR SARL EN2L OPTIC
0410207008000013EUR2E2221840101505011225  011225VIREMENT                         0990879000000000026000{
0510207    00013EUR2 2221840101505011225     LIBVIR SARL LIAM OPTIC
0410207050500013EUR2E2221840101505011225  011225EUROVIREMENT                     FERUP8D000000000021849AF 2025 10 46 REN
0510207    00013EUR2 2221840101505011225     LIBF 2025 10 46 RENDELSTG/OSC
0510207    00013EUR2 2221840101505011225     LIBEVI RENDEL ST GERMAIN
0510207    00013EUR2 2221840101505011225     MMOEUR2000000002184910000000000000
0510207    00013EUR2 2221840101505011225     NPYRENDEL ST GERMAIN
0510207    00013EUR2 2221840101505011225     NBESARL OPTICAL SERVICE CONSULTING
0510207    00013EUR2 2221840101505011225     LCCF 2025 10 46 RENDELSTG/OSC
0510207    00013EUR2 2221840101505011225     RCNVG53321XNTFVQZ01
0710207    00013EUR2 22218401015  011225                                                  0000000508095C
0110807    00452EUR2 42221189809  281125SCI JMCH GROUPE LEMOINE          COMPTE COURANT   0000000085939C
0410807050500452EUR2E4222118980905011225  011225EUROVIREM. SEPA                  F9TA3ZN100000000029179B
0510807    00452EUR2 4222118980905011225     LIBEVI FRANCO FILS
0510807    00452EUR2 4222118980905011225     MMOEUR2000000002917920000000000000
0510807    00452EUR2 4222118980905011225     NPYFRANCO FILS
0510807    00452EUR2 4222118980905011225     NBEJEANJIRARD MAISON
0510807    00452EUR2 4222118980905011225     RCNVIR FRANCO FILS
0410807050500452EUR2E4222118980905011225  011225EUROVIREM. SEPA                  F9TBRJ6100000000000780{JEANJIRARD FD370
0510807    00452EUR2 4222118980905011225     LIBJEANJIRARD FD3707
0510807    00452EUR2 4222118980905011225     LIBEVI AVANT GARDE TELECOM
0510807    00452EUR2 4222118980905011225     MMOEUR2000000000078000000000000000
0510807    00452EUR2 4222118980905011225     NPYAVANT GARDE TELECOM
0510807    00452EUR2 4222118980905011225     NBEMAISON JEANJIRARD
0510807    00452EUR2 4222118980905011225     LCCJEANJIRARD FD3707
0510807    00452EUR2 4222118980905011225     RCNJEANJIRARD FD3707
0410807050500452EUR2E4222118980905011225  011225EUROVIREM. SEPA                  F9TBRYR100000000004560{-
0510807    00452EUR2 4222118980905011225     LIB-
0510807    00452EUR2 4222118980905011225     LIBEVI SAS CALIDER INDUSTRI
0510807    00452EUR2 4222118980905011225     MMOEUR2000000000456000000000000000
0510807    00452EUR2 4222118980905011225     NPYSAS CALIDER INDUSTRIE
0510807    00452EUR2 4222118980905011225     NBEMAISON JEANJIRARD
0510807    00452EUR2 4222118980905011225     LCC-
0510807    00452EUR2 4222118980905011225     RCNREF 00035 28-11-2025
0410807050500452EUR2E4222118980905011225  011225EUROVIREM. SEPA                  FERTWVG100000000023292{/INV/FD3738 31.1
0510807    00452EUR2 4222118980905011225     LIB/INV/FD3738 31.10.2025
0510807    00452EUR2 4222118980905011225     LIBEVI ESTEVE SAS
0510807    00452EUR2 4222118980905011225     MMOEUR2000000002329200000000000000
0510807    00452EUR2 4222118980905011225     NPYESTEVE SAS
0510807    00452EUR2 4222118980905011225     IPYCHASLULXXXX
0510807    00452EUR2 4222118980905011225     NBESARL MAISON JEANJIRARD
0510807    00452EUR2 4222118980905011225     LCC/INV/FD3738 31.10.2025
0510807    00452EUR2 4222118980905011225     RCN2010000506
0410807050500452EUR2E4222118980905011225  011225EUROVIREM. SEPA                  FERUMOR100000000008844{F         FD3718
0510807    00452EUR2 4222118980905011225     LIBFACTURE N FD3718 MAISON JEANJIRA
0510807    00452EUR2 4222118980905011225     LIBRD
0510807    00452EUR2 4222118980905011225     LIBEVI SIDEBAG
0510807    00452EUR2 4222118980905011225     MMOEUR2000000000884400000000000000
0510807    00452EUR2 4222118980905011225     NPYSIDEBAG
0510807    00452EUR2 4222118980905011225     IPY398961219
0510807    00452EUR2 4222118980905011225     NBEMAISON JEANJIRARD
0510807    00452EUR2 4222118980905011225     LCCFACTURE N FD3718 MAISON JEANJIRARD
0510807    00452EUR2 4222118980905011225     RCNFFA01185
0410807093600452EUR2E4222118980906011225  011225VIR INST                         W6V67BT100000000096712QP    ALAIN THEVE
0510807    00452EUR2 4222118980906011225     LIBPOUR ALAIN THEVEVENIN
0510807    00452EUR2 4222118980906011225     LIBVIRT JEANJIRARD 383441.41113232
0510807    00452EUR2 4222118980906011225     LIBVIR INST ALAIN THEVEVENI
0410807050500452EUR2E4222118980905011225  011225EUROVIREM. SEPA                  FERUXEW100000000000960{JEANJIRARD (MAIS
0510807    00452EUR2 4222118980905011225     LIBJEANJIRARD (MAISON)
0510807    00452EUR2 4222118980905011225     LIBEVI RISOUD INDUSTRIE
0510807    00452EUR2 4222118980905011225     MMOEUR2000000000096000000000000000
0510807    00452EUR2 4222118980905011225     NPYRISOUD INDUSTRIE
0510807    00452EUR2 4222118980905011225     IPY88974323300013
0510807    00452EUR2 4222118980905011225     NBEJEANJIRARD (MAISON)
0510807    00452EUR2 4222118980905011225     LCCJEANJIRARD (MAISON)
0510807    00452EUR2 4222118980905011225     RCNFD3736
0410807050500452EUR2E4222118980905011225  011225EUROVIREM. SEPA                  FERV1GA100000000017596FFD3658
0510807    00452EUR2 4222118980905011225     LIBFD3658
0510807    00452EUR2 4222118980905011225     LIBEVI BBF RESEAUX
0510807    00452EUR2 4222118980905011225     MMOEUR2000000001759660000000000000
0510807    00452EUR2 4222118980905011225     NPYBBF RESEAUX
0510807    00452EUR2 4222118980905011225     IPY024020
0510807    00452EUR2 4222118980905011225     NBEMAISON JEANJIRARD
0510807    00452EUR2 4222118980905011225     LCCFD3658
0510807    00452EUR2 4222118980905011225     RCN3350002218
0410807093600452EUR2E4222118980906011225  011225VIR INST                         W6V9OTK100000000003359RP    ALAIN THEVE
0510807    00452EUR2 4222118980906011225     LIBPOUR ALAIN THEVEVENIN
0510807    00452EUR2 4222118980906011225     LIBREGLT FACT 382422 CLT41113232
0510807    00452EUR2 4222118980906011225     LIBVIR INST ALAIN THEVEVENI
0710807    00452EUR2 42221189809  011225                                                  0000000071078D
0110107    00175EUR2 00829015123  281125LUCAS OPTIK                      COMPTE COURANT   0000005007468{
0410107056900175EUR2E0082901512305011225  011225VIREMENT SEPA RECU   569    000  2816826  0000000002361E
0510107    00175EUR2 0082901512305011225     NPYVILLA NOAILLES
0510107    00175EUR2 0082901512305011225     LCCPROTECTIM ECHE 6/7
0510107    00175EUR2 0082901512305011225     RCNPROTECTIM ECHE 6/7
0510107    00175EUR2 0082901512305011225     LIBCCOPFRPPXXX
0710107    00175EUR2 00829015123  011225                                                  0000005009829E
0110807    00455EUR2 62221127195  281125SAS NOOSA PIZZA   SERVAIS INGRID COMPTE COURANT   0000000079326H
0410807051000455EUR2E6222112719505011225  011225VIR. INT. SEPA                   KTRAE9B100000000003560{V           M O
0510807    00455EUR2 6222112719505011225     LIBVIREMENT DE M OU MME JUTEAUVIGIE
0510807    00455EUR2 6222112719505011225     LIBVIREMENT DE M OU MME JUTEAU-VIGI
0510807    00455EUR2 6222112719505011225     LIBEVI M OU MME JUTEAU-VIGI
0410807053700455EUR2E6222112719508011225  011225EUROPRELEVEMENT                  016EIK8100000000001680}
0510807    00455EUR2 6222112719508011225     LIBKI20170515232349258354
0510807    00455EUR2 6222112719508011225     LIBPRLV SEPA WEB LEADER COM
0410807053700455EUR2E6222112719508011225  011225EUROPRELEVEMENT                  015OYOT100000000000429RV
0510807    00455EUR2 6222112719508011225     LIBVOTRE ABONNEMENT FIBRE (FACTURE
0510807    00455EUR2 6222112719508011225     LIBM0063134720
0510807    00455EUR2 6222112719508011225     LIBPRLV SEPA ORANGE SA
0410807059300455EUR2E6222112719505011225  011225VIR INST                         W6V8Y7S100000000001500{VH53352QUTE4HB01
0510807    00455EUR2 6222112719505011225     LIBVH53352QUTE4HB01
0510807    00455EUR2 6222112719505011225     LIBVIR DE NEVERS FOURCHAMBAULT
0510807    00455EUR2 6222112719505011225     LIBVIR INST NEVERS FOURCHAM
0410807021400455EUR2E6222112719511011225  011225FACTURE CB                       FEP519S100000000001253KMANOMANO       7
0510807    00455EUR2 6222112719511011225     LIBMANOMANO       7517 PARIS
0510807    00455EUR2 6222112719511011225     LIB291125 CB****8220
0710807    00455EUR2 62221127195  011225                                                  0000000081023G
0118707    00700EUR2 31521986242  281125SCI LES PETITS PRES              COMPTE COURANT   0000000002440B
0718707    00700EUR2 31521986242  011225                                                  0000000002440B
0110907    00457EUR2 60021830601  281125SCI JMCH GROUPE LEMOINE          COMPTE COURANT   0000000115063B
0410907050500457EUR2E6002183060105011225  011225VIREMENT SEPA                    F9T8KBW100000000553675C/INV/20250000001
0510907    00457EUR2 6002183060105011225     LIB/INV/202500000018099 30.9.2025/I
0510907    00457EUR2 6002183060105011225     LIBNV/202500000018099 30.9.2025
0510907    00457EUR2 6002183060105011225     LIBEVI SCCV QUAI NEUF BORDE
0510907    00457EUR2 6002183060105011225     MMOEUR2000000055367530000000000000
0510907    00457EUR2 6002183060105011225     NPYSCCV QUAI NEUF BORDEAUX
0510907    00457EUR2 6002183060105011225     NBEREVETEMENTS DURET SOLS SARL
0510907    00457EUR2 6002183060105011225     LCC/INV/202500000018099 30.9.2025/INV/202500000018099 30.9.2025
0510907    00457EUR2 6002183060105011225     RCN2000000210
0410907050500457EUR2E6002183060105011225  011225VIREMENT SEPA                    F9T96I6100000000005834D
0510907    00457EUR2 6002183060105011225     LIBEVI SCCV BORDEAUX EB4 PR
0510907    00457EUR2 6002183060105011225     MMOEUR2000000000583440000000000000
0510907    00457EUR2 6002183060105011225     NPYSCCV BORDEAUX EB4 PRIM
0510907    00457EUR2 6002183060105011225     IPY835361742
0510907    00457EUR2 6002183060105011225     NBEREVETEMENTS DURET SOLS
0510907    00457EUR2 6002183060105011225     IBEFR47797427150
0510907    00457EUR2 6002183060105011225     LCC STRD  CDTRREFINF  TP  CDORPRTRY  CD SCOR /CD  /CDORPRTRY  ISSR REVETE
0510907    00457EUR2 6002183060105011225     LC2MENTS DURET SOLS /ISSR  /TP  REF SD1808358 /REF  /CDTRREFINF  /STRD
0510907    00457EUR2 6002183060105011225     RCN50958
0410907022100457EUR2E6002183060107011225  301125LCR DOMICILIEE                   5278035100000000000828}ECH 30/11/25
0510907    00457EUR2 6002183060107011225     LIBECH 30/11/25
0510907    00457EUR2 6002183060107011225     LIBLCR SARL ETABLISSEMENTS
0410907022100457EUR2E6002183060107011225  301125LCR DOMICILIEE                   5278036100000000044750RECH 30/11/25
0510907    00457EUR2 6002183060107011225     LIBECH 30/11/25
0510907    00457EUR2 6002183060107011225     LIBLCR SARL ART ET CARRELAG
0410907022100457EUR2E6002183060107011225  301125LCR DOMICILIEE                   5239188100000000003445K
0510907    00457EUR2 6002183060107011225     LIBLCR SISCA           3011
0410907022100457EUR2E6002183060107011225  301125LCR DOMICILIEE                   5239189100000000002214J
0510907    00457EUR2 6002183060107011225     LIBLCR SISCA           3011
0410907022100457EUR2E6002183060107011225  301125LCR DOMICILIEE                   5239190100000000002699OREF TIRE 117655/
0510907    00457EUR2 6002183060107011225     LIBREF TIRE 117655/287
0510907    00457EUR2 6002183060107011225     LIBLCR BRANGEON RECYCL 3011
0410907022100457EUR2E6002183060107011225  301125LCR DOMICILIEE                   5239191100000000010857K
0510907    00457EUR2 6002183060107011225     LIBLCR MARTIN SOLS SA  3011
0410907021400457EUR2E6002183060111011225  011225PAIEMENT CARTE                   FF6TEQJ100000000000087LLA POSTE.FR    F
0510907    00457EUR2 6002183060111011225     LIBLA POSTE.FR    FR PARIS CEDEX
0510907    00457EUR2 6002183060111011225     LIB8 73EUR 1 EURO   1 000000
0510907    00457EUR2 6002183060111011225     LIB281125 CB****4343
0410907021400457EUR2E6002183060111011225  011225PAIEMENT CARTE                   FF6TEQK100000000001968}SQ *SAS RDP EVEF
0510907    00457EUR2 6002183060111011225     LIBSQ *SAS RDP EVEFR LA TESTE-DE-
0510907    00457EUR2 6002183060111011225     LIB196 80EUR 1 EURO   1 000000
0510907    00457EUR2 6002183060111011225     LIB281125 CB****4343
0410907001200457EUR2E6002183060101011225  011225CHEQUE N 0002882                 0002882100000000002660}2511292113306085
0510907    00457EUR2 6002183060101011225     LIB251129211330608584200329  1600
0510907    00457EUR2 6002183060101011225     LIB23063492914         13306
0410907021400457EUR2E6002183060111011225  011225PAIEMENT CARTE                   FF72E9W100000000001265}RIAD MARRAKECH F
0510907    00457EUR2 6002183060111011225     LIBRIAD MARRAKECH FR LE BOUSCAT
0510907    00457EUR2 6002183060111011225     LIB126 50EUR 1 EURO   1 000000
0510907    00457EUR2 6002183060111011225     LIB291125 CB****4343
0410907021400457EUR2E6002183060111011225  011225PAIEMENT CARTE                   FF72E9X100000000001287RAUCHAN 1150C   F
0510907    00457EUR2 6002183060111011225     LIBAUCHAN 1150C   FR 33MERIGNAC
0510907    00457EUR2 6002183060111011225     LIB128 79EUR 1 EURO   1 000000
0510907    00457EUR2 6002183060111011225     LIB291125 CB****4343
0710907    00457EUR2 60021830601  011225                                                  0000000602509G
0110807    00449EUR2 72421682522  281125EGV HOLDING                      COMPTE COURANT   0000000690600A
0410807059300449EUR2E7242168252205011225  011225VIR INST                         W6V3HRJ100000000005750{BIPT253350300344
0510807    00449EUR2 7242168252205011225     LIBBIPT253350300344553 C
0510807    00449EUR2 7242168252205011225     LIBNOTPROVIDED
0510807    00449EUR2 7242168252205011225     LIBVIR INST MLE BLANCHETON
0410807050500449EUR2E7242168252205011225  011225EUROVIREM. SEPA                  FERV1OF100000000005750{LOYER GARAGE FOS
0510807    00449EUR2 7242168252205011225     LIBLOYER GARAGE FOSCA   12/2025
0510807    00449EUR2 7242168252205011225     LIBEVI MME AURELIE FOSCA
0510807    00449EUR2 7242168252205011225     MMOEUR2000000000575000000000000000
0510807    00449EUR2 7242168252205011225     NPYMME AURELIE FOSCA
0510807    00449EUR2 7242168252205011225     NBESAS LUXE IMMO
0510807    00449EUR2 7242168252205011225     LCCLOYER GARAGE FOSCA   12/2025
0510807    00449EUR2 7242168252205011225     RCNLOYER GARAGE FOSCA   12/2025
0710807    00449EUR2 72421682522  011225                                                  0000000702100A
0110807    00449EUR2 12421436392  281125EI SALON INES D                  COMPTE COURANT   0000000241908E
0410807022600449EUR2E1242143639291011225  301125ECHEANCE PRET                    8967666000000000008352KDONT CAP    516
0510807    00449EUR2 1242143639291011225     LIBDONT CAP    516 31 ASS.    0 00E
0510807    00449EUR2 1242143639291011225     LIB     INT.   318 91 COM.    0 00E
0410807050500449EUR2E1242143639205011225  011225EUROVIREM. SEPA                  FERUG99100000000003000{S.C.I.   SCI 4 B
0510807    00449EUR2 1242143639205011225     LIBS.C.I.   SCI 4 B
0510807    00449EUR2 1242143639205011225     LIBEVI S.C.I.   SCI 4 B
0510807    00449EUR2 1242143639205011225     MMOEUR2000000000300000000000000000
0510807    00449EUR2 1242143639205011225     NPYS.C.I.   SCI 4 B
0510807    00449EUR2 1242143639205011225     NBESCI 4 B
0510807    00449EUR2 1242143639205011225     LCCS.C.I.   SCI 4 B
0510807    00449EUR2 1242143639205011225     RCNAPPORT TRESORIE SCI 4 B BP
0410807050500449EUR2E1242143639205011225  011225EUROVIREM. SEPA                  FERUUIZ100000000004600{LOYER
0510807    00449EUR2 1242143639205011225     LIBLOYER
0510807    00449EUR2 1242143639205011225     LIBEVI MLE LOUISE STAUB
0510807    00449EUR2 1242143639205011225     MMOEUR2000000000460000000000000000
0510807    00449EUR2 1242143639205011225     NPYMLE LOUISE STAUB
0510807    00449EUR2 1242143639205011225     NBESCI 4 B
0510807    00449EUR2 1242143639205011225     LCCLOYER
0510807    00449EUR2 1242143639205011225     RCNLOYER
0710807    00449EUR2 12421436392  011225                                                  0000000241156C
0114707    06909EUR2 32521841963  281125EIRL M ZHANG MARC                COMPTE COURANT   0000000378638{
0414707020606909EUR2E3252184196330011225  281125REM.CARTE BLEUE                  0427433100000000002130{
0514707    06909EUR2 3252184196330011225     LIB                - NB0022/182433
0514707    06909EUR2 3252184196330011225     LIBREMISE CB 1109836010
0414707020606909EUR2E3252184196330011225  281125REM.CARTE BLEUE                  0426432100000000000270{
0514707    06909EUR2 3252184196330011225     LIB                - NB0003/182432
0514707    06909EUR2 3252184196330011225     LIBREMISE CB 1109836010
0414707061006909EUR2E3252184196362011225  281125COMMISSIONS CB                   0427433100000000000006R
0514707    06909EUR2 3252184196362011225     LIB                - NB0022/182433
0514707    06909EUR2 3252184196362011225     LIBCOM CB    1109836010
0414707061006909EUR2E3252184196362011225  281125COMMISSIONS CB                   0426432100000000000000R
0514707    06909EUR2 3252184196362011225     LIB                - NB0003/182432
0514707    06909EUR2 3252184196362011225     LIBCOM CB    1109836010
0414707052206909EUR2E3252184196306011225  011225EUROVIR PERM                     1871050100000000050000}V           D  H
0514707    06909EUR2 3252184196306011225     LIBVIREMENT DE DR HUGOT JULIEN
0514707    06909EUR2 3252184196306011225     LIBVIREMENT DE DR HUGOT JULIEN
0514707    06909EUR2 3252184196306011225     LIBVIR COMMUN BPALC PERSO
0414707052206909EUR2E3252184196306011225  011225EUROVIR PERM                     1918551100000000000800}V           H
0514707    06909EUR2 3252184196306011225     LIBVIREMENT DE HUGOT JULIEN
0514707    06909EUR2 3252184196306011225     LIBVIREMENT DE DR HUGOT JULIEN
0514707    06909EUR2 3252184196306011225     LIBVIR PERSO SCI HUGOT INVE
0414707050506909EUR2E3252184196305011225  011225VIREMENT SEPA                    F9TC4Z4000000000001015{0000001010204023
0514707    06909EUR2 3252184196305011225     LIB0000001010204023286511251125
0514707    06909EUR2 3252184196305011225     LIBEVI MGEN
0514707    06909EUR2 3252184196305011225     MMOEUR2000000000101500000000000000
0514707    06909EUR2 3252184196305011225     NPYMGEN
0514707    06909EUR2 3252184196305011225     IPY0
0514707    06909EUR2 3252184196305011225     NBEEI - HUGOT JULIEN
0514707    06909EUR2 3252184196305011225     LCC0000001010204023286511251125
0514707    06909EUR2 3252184196305011225     RCN0000001010204023286511251125
0414707050506909EUR2E3252184196305011225  011225VIREMENT SEPA                    F9TBXZL000000000002250{EH010106-2025-10
0514707    06909EUR2 3252184196305011225     LIBEH010106-2025-10-1 (225)
0514707    06909EUR2 3252184196305011225     LIBEVI ARPAVIE LES GERANIUM
0514707    06909EUR2 3252184196305011225     MMOEUR2000000000225000000000000000
0514707    06909EUR2 3252184196305011225     NPYARPAVIE LES GERANIUMS
0514707    06909EUR2 3252184196305011225     IPY817797095
0514707    06909EUR2 3252184196305011225     NBEHUGOT JULIEN
0514707    06909EUR2 3252184196305011225     IBE49290518700091
0514707    06909EUR2 3252184196305011225     LCCEH010106-2025-10-1 (225)
0514707    06909EUR2 3252184196305011225     RCN93129
0414707020606909EUR2E3252184196330011225  011225REM.CARTE BLEUE                  0428914100000000001567E
0514707    06909EUR2 3252184196330011225     LIB                - NB0015/190914
0514707    06909EUR2 3252184196330011225     LIBREMISE CB 1109836010
0414707020606909EUR2E3252184196330011225  011225REM.CARTE BLEUE                  0429400100000000000412E
0514707    06909EUR2 3252184196330011225     LIB                - NB0003/191400
0514707    06909EUR2 3252184196330011225     LIBREMISE CB 1109836010
0414707061006909EUR2E3252184196362011225  011225COMMISSIONS CB                   0428914100000000000004R
0514707    06909EUR2 3252184196362011225     LIB                - NB0015/190914
0514707    06909EUR2 3252184196362011225     LIBCOM CB    1109836010
0414707061006909EUR2E3252184196362011225  011225COMMISSIONS CB                   0429400100000000000001L
0514707    06909EUR2 3252184196362011225     LIB                - NB0003/191400
0514707    06909EUR2 3252184196362011225     LIBCOM CB    1109836010
0414707020606909EUR2E3252184196330011225  011225REM.CARTE BLEUE                  0430493100000000000892E
0514707    06909EUR2 3252184196330011225     LIB                - NB0004/141493
0514707    06909EUR2 3252184196330011225     LIBREMISE CB 1109836010
0414707061006909EUR2E3252184196362011225  011225COMMISSIONS CB                   0430493100000000000002P
0514707    06909EUR2 3252184196362011225     LIB                - NB0004/141493
0514707    06909EUR2 3252184196362011225     LIBCOM CB    1109836010
0414707020606909EUR2E3252184196330011225  011225REM.CARTE BLEUE                  0431078100000000003465{
0514707    06909EUR2 3252184196330011225     LIB                - NB0020/141078
0514707    06909EUR2 3252184196330011225     LIBREMISE CB 1109836010
0414707061006909EUR2E3252184196362011225  011225COMMISSIONS CB                   0431078100000000000010N
0514707    06909EUR2 3252184196362011225     LIB                - NB0020/141078
0514707    06909EUR2 3252184196362011225     LIBCOM CB    1109836010
0414707053706909EUR2E3252184196308011225  011225PRLV SEPA                        0DU11QJ100000000012560}
0514707    06909EUR2 3252184196308011225     LIBI00DLY2
0514707    06909EUR2 3252184196308011225     LIBPRLV SEPA EPARGNE SAL. P
0414707020606909EUR2E3252184196330011225  011225REM.CARTE BLEUE                  0432629100000000000354{
0514707    06909EUR2 3252184196330011225     LIB                - NB0002/105629
0514707    06909EUR2 3252184196330011225     LIBREMISE CB 1109836010
0414707020606909EUR2E3252184196330011225  011225REM.CARTE BLEUE                  0433835100000000004612E
0514707    06909EUR2 3252184196330011225     LIB                - NB0025/105835
0514707    06909EUR2 3252184196330011225     LIBREMISE CB 1109836010
0414707061006909EUR2E3252184196362011225  011225COMMISSIONS CB                   0432629100000000000001J
0514707    06909EUR2 3252184196362011225     LIB                - NB0002/105629
0514707    06909EUR2 3252184196362011225     LIBCOM CB    1109836010
0414707061006909EUR2E3252184196362011225  011225COMMISSIONS CB                   0433835100000000000014L
0514707    06909EUR2 3252184196362011225     LIB                - NB0025/105835
0514707    06909EUR2 3252184196362011225     LIBCOM CB    1109836010
0414707050506909EUR2E3252184196305011225  011225VIREMENT SEPA                    FERVMMC000000000001172E2025112700000010
0514707    06909EUR2 3252184196305011225     LIB2025112700000010102040 02521000
0514707    06909EUR2 3252184196305011225     LIBEVI MSA SUD CHAMPAGNE
0514707    06909EUR2 3252184196305011225     MMOEUR2000000000117250000000000000
0514707    06909EUR2 3252184196305011225     NPYMSA SUD CHAMPAGNE
0514707    06909EUR2 3252184196305011225     IPY30357426300016
0514707    06909EUR2 3252184196305011225     NBEDR HUGOT JULIEN
0514707    06909EUR2 3252184196305011225     LCC2025112700000010102040 02521000
0514707    06909EUR2 3252184196305011225     RCN2025112700000010102040 02521000
0414707021406909EUR2E3252184196311011225  011225FACTURE CB                       FF7AGDK100000000000080}FACEBK *6TQSH8VI
0514707    06909EUR2 3252184196311011225     LIBFACEBK *6TQSH8VIRL FB.ME/ADS
0514707    06909EUR2 3252184196311011225     LIB8 00EUR 1 EURO   1 000000
0514707    06909EUR2 3252184196311011225     LIB291125 CB****8276
0414707021406909EUR2E3252184196311011225  011225FACTURE CB                       FF7AGDL100000000000080}FACEBK *YDCSA99I
0514707    06909EUR2 3252184196311011225     LIBFACEBK *YDCSA99IRL FB.ME/ADS
0514707    06909EUR2 3252184196311011225     LIB8 00EUR 1 EURO   1 000000
0514707    06909EUR2 3252184196311011225     LIB301125 CB****8276
0714707    06909EUR2 32521841963  011225                                                  0000000333216I
0110107    00175EUR2 00214026605  281125SC AJC CONSEILS                  COMPTE COURANT   0000009262604E
0410107056900175EUR2E0021402660505011225  011225VIREMENT SEPA RECU   569    000  2817334  0000000003864A
0510107    00175EUR2 0021402660505011225     NPYL2A AGENCEMENT
0510107    00175EUR2 0021402660505011225     LCCFACTURE F202509380023 DU 23/09/2025
0510107    00175EUR2 0021402660505011225     RCN1731
0510107    00175EUR2 0021402660505011225     LIBCCBPFRPPNAN
0410107056900175EUR2E0021402660505011225  011225VIREMENT SEPA RECU   569    000  2817552  0000000073641F
0510107    00175EUR2 0021402660505011225     NPYMONOPRIX HOLDING
0510107    00175EUR2 0021402660505011225     LCC/OBO/MONOPRIX EXPLOITATION CLICH/INV/202502380900 28.2.2025
0510107    00175EUR2 0021402660505011225     RCN0700225148
0510107    00175EUR2 0021402660505011225     LIBBNPAFRPPXXX
0410107006400175EUR2E0021402660529011225  011225RETRAIT G.A.B.       064    000  57352570 0000000003000}
0510107    00175EUR2 0021402660529011225     LIBLA BANQUE POSTA LE 29/11/25  CB.XXXXX4981
0510107    00175EUR2 0021402660529011225     LIBORIGINE   FRANCE            MONTANT   300 00 EUR
0410107051800175EUR2E00214026605B1011225  011225PRELEVEMENT SEPA     518    000  28115210 0000000024298O
0510107    00175EUR2 00214026605B1011225     NBEUNITED PARCEL SERVICE FRANCE SAS
0510107    00175EUR2 00214026605B1011225     LCC000059205X
0510107    00175EUR2 00214026605B1011225     IBEFR21ZZZ398787                      SEPA
0510107    00175EUR2 00214026605B1011225     RUM000059205X                         RCUR
0510107    00175EUR2 00214026605B1011225     RCN251120035839732000059205X
0410107051800175EUR2E00214026605B1011225  011225PRELEVEMENT SEPA     518    000  28157460 0000000002580}
0510107    00175EUR2 00214026605B1011225     NBELIBERTY ELECTRIC MOTION
0510107    00175EUR2 00214026605B1011225     IBEFR87ZZZ595576                      SEPA
0510107    00175EUR2 00214026605B1011225     RUMLEM/PROTECTIM SECURITY GROUP       RCUR
0510107    00175EUR2 00214026605B1011225     RCNF25111488
0410107051800175EUR2E00214026605B1011225  011225PRELEVEMENT SEPA     518    000  28161470 0000000020032M
0510107    00175EUR2 00214026605B1011225     NBEINITIAL HYGIENE SERVICES INITIAL HYGIENE SERVICES
0510107    00175EUR2 00214026605B1011225     LCC0003357065
0510107    00175EUR2 00214026605B1011225     IBEFR59ZZZ878A37                      SEPA
0510107    00175EUR2 00214026605B1011225     RUM21330000048250                     RCUR
0510107    00175EUR2 00214026605B1011225     RCNCPR00008480-5774356747
0410107051800175EUR2E00214026605B1011225  011225PRELEVEMENT SEPA     518    000  28161840 0000000002328}
0510107    00175EUR2 00214026605B1011225     NBEBNP PARIBAS LEASE GROUP
0510107    00175EUR2 00214026605B1011225     LCCBNP PARIBAS LEASE GROUP /A1K47215/.1A1K47215001011225EPU66Y99158 /SIEN
0510107    00175EUR2 00214026605B1011225     LC20100456069                 /FLL1H250361
0510107    00175EUR2 00214026605B1011225     IBEFR17ZZZ100196                      SEPA
0510107    00175EUR2 00214026605B1011225     RUMSIEN0100456069                     RCUR
0510107    00175EUR2 00214026605B1011225     RCN.1A1K47215001011225EPU66Y99158
0410107051800175EUR2E00214026605B1011225  011225PRELEVEMENT SEPA     518    000  28162960 0000000015120}
0510107    00175EUR2 00214026605B1011225     NBEFAIRYDEV
0510107    00175EUR2 00214026605B1011225     LCC20250102846 PP29998803
0510107    00175EUR2 00214026605B1011225     IBEFR20ZZZ584269                      SEPA
0510107    00175EUR2 00214026605B1011225     RUMFAIRYDEV/MXBXRRV                   RCUR
0510107    00175EUR2 00214026605B1011225     RCNPP29998803
0410107051800175EUR2E00214026605B1011225  011225PRELEVEMENT SEPA     518    000  28162960 0000000000096N
0510107    00175EUR2 00214026605B1011225     NBECOMETE SASU
0510107    00175EUR2 00214026605B1011225     LCCFACTURE 2025001924
0510107    00175EUR2 00214026605B1011225     IBEFR39ZZZ8894B1                      SEPA
0510107    00175EUR2 00214026605B1011225     RUMMANDAT COMETE/HTCQZAR              RCUR
0510107    00175EUR2 00214026605B1011225     RCNFC 2025001924-ECH 30/11/2025
0410107051800175EUR2E00214026605B1011225  011225PRELEVEMENT SEPA     518    000  28162960 0000000002264M
0510107    00175EUR2 00214026605B1011225     NBEBRITA FRANCE SARL-BRITA WASSER FILTER SYSTEME FRANCE
0510107    00175EUR2 00214026605B1011225     LCCNO.0097352570 /1.11.2025
0510107    00175EUR2 00214026605B1011225     IBEFR76BRT457161                      SEPA
0510107    00175EUR2 00214026605B1011225     RUMFR10-0080087753-001                RCUR
0510107    00175EUR2 00214026605B1011225     RCN4300032260
0410107051800175EUR2E00214026605B1011225  011225PRELEVEMENT SEPA     518    000  28165010 0000000005340}
0510107    00175EUR2 00214026605B1011225     NBEGOCARDLESS
0510107    00175EUR2 00214026605B1011225     LCC025112500349
0510107    00175EUR2 00214026605B1011225     IBEGB27ZZZSDDBARC0000007495895        SEPA
0510107    00175EUR2 00214026605B1011225     RUMNDIFAIR-4Q4ZD99ZB4                 RCUR
0510107    00175EUR2 00214026605B1011225     RCND-004C4FWN86R4
0710107    00175EUR2 00214026605  011225                                                  0000009265050C
0110107    00175EUR2 00617054596  281125CHOUFFEUR ANTONY                                  0000000364064A
0410107003800175EUR2E0061705459611011225  011225TRANSACTION CARTE    038    000  13179520 0000000000650}
0510107    00175EUR2 0061705459611011225     LIBMGP*KLEEN NOW   LE 28/11/25  CB.XXXXX7558
0510107    00175EUR2 0061705459611011225     LIBORIGINE   FRANCE            MONTANT   65 00 EUR
0410107003800175EUR2E0061705459611011225  011225TRANSACTION CARTE    038    000  10002250 0000000000168}
0510107    00175EUR2 0061705459611011225     LIBPENNYLANE       LE 29/11/25  CB.XXXXX7558
0510107    00175EUR2 0061705459611011225     LIBORIGINE   FRANCE            MONTANT   16 80 EUR
0410107003800175EUR2E0061705459611011225  011225TRANSACTION CARTE    038    000  18161470 0000000000976R
0510107    00175EUR2 0061705459611011225     LIBSOCIETE DE TOUR LE 29/11/25  CB.XXXXX7558
0510107    00175EUR2 0061705459611011225     LIBORIGINE   FRANCE            MONTANT   97 69 EUR
0410107003800175EUR2E0061705459611011225  011225TRANSACTION CARTE    038    000  14974000 0000000001036}
0510107    00175EUR2 0061705459611011225     LIBTIC   TAC       LE 28/11/25  CB.XXXXX7558
0510107    00175EUR2 0061705459611011225     LIBORIGINE   FRANCE            MONTANT   103 60 EUR
0410107056800175EUR2E0061705459606291125  291125VIREMENT SEPA EMIS   568    000  90209010 0000000014265}
0510107    00175EUR2 0061705459606291125     NBEALAN BAUDOUX
0510107    00175EUR2 0061705459606291125     LCCSOLDE FACTURE PPF FW 2021-398 HD009RZ
0510107    00175EUR2 0061705459606291125     LIBBOUSFRPPXXX
0710107    00175EUR2 00617054596  011225                                                  0000000346968B
0110107    00175EUR2 00219034207  281125LK DEVELOPPEMENT                 COMPTE COURANT   0000001610903A
0710107    00175EUR2 00219034207  011225                                                  0000001610903A
0110107    00175EUR2 00013053704  281125NORTRADE INTERNATIONAL           COMPTE COURANT   0000000000000{
0710107    00175EUR2 00013053704  011225                                                  0000000000000{
0114707    03909EUR2 32821397320  281125LE BOLAT                         COMPTE COURANT   0000000015181A
0414707053703909EUR2E3282139732008011225  011225PRLV SEPA                        0DTVTQZ100000000000800}
0514707    03909EUR2 3282139732008011225     LIB220209 - 14012025
0514707    03909EUR2 3282139732008011225     LIBPRLV SEPA FITECO
0714707    03909EUR2 32821397320  011225                                                  0000000014381A
0110807    00449EUR2 72419307251  281125S.C.I. DAM                       COMPTE COURANT   0000000001603H
0710807    00449EUR2 72419307251  011225                                                  0000000001603H
0110807    00451EUR2 42221415109  281125SARL VALENCIENNES SERVICES       COMPTE COURANT   0000000023741B
0710807    00451EUR2 42221415109  011225                                                  0000000023741B
0110207    00044EUR2 22218236596  281125SNC LEITE 95                     SNC LEITE 95     0000000327802A
0410207059300044EUR2E2221823659605011225  011225VIR INST                         WFMY8YP000000000000433HBIPT253350300872
0510207    00044EUR2 2221823659605011225     LIBBIPT253350300872170 C
0510207    00044EUR2 2221823659605011225     LIBSOIN TOULOUM
0510207    00044EUR2 2221823659605011225     LIBVIR INST MR ALEXANDRE TO
0410207004800044EUR2E2221823659602011225  021225REMISE CHEQUES                   1276113000000000036514B()
0510207    00044EUR2 2221823659602011225     LIB()
0510207    00044EUR2 2221823659602011225     LIBREM CHQ  DE   27 CHEQUE(
0410207021400044EUR2E2221823659611011225  011225FACTURE CB                       FF734H6100000000000580}E.LECLERC      F
0510207    00044EUR2 2221823659611011225     LIBE.LECLERC      FR LEVALLOIS PE
0510207    00044EUR2 2221823659611011225     LIB58 00EUR 1 EURO   1 000000
0510207    00044EUR2 2221823659611011225     LIB291125 CB****6996
0410207021400044EUR2E2221823659611011225  011225FACTURE CB                       FF734H7100000000000608PSP ATTICGO     E
0510207    00044EUR2 2221823659611011225     LIBSP ATTICGO     ES CREVILLENT
0510207    00044EUR2 2221823659611011225     LIB60 87EUR 1 EURO   1 000000
0510207    00044EUR2 2221823659611011225     LIB291125 CB****6996
0410207021400044EUR2E2221823659611011225  011225FACTURE CB                       FF734H8100000000002079}NESPRESSO FRANCF
0510207    00044EUR2 2221823659611011225     LIBNESPRESSO FRANCFR PARIS
0510207    00044EUR2 2221823659611011225     LIB207 90EUR 1 EURO   1 000000
0510207    00044EUR2 2221823659611011225     LIB301125 CB****6996
0710207    00044EUR2 22218236596  011225                                                  0000000361482D
0110207    00013EUR2 22216817715  281125SARL MM AMENAGEMENT              COMPTE COURANT   0000000243337C
0710207    00013EUR2 22216817715  011225                                                  0000000243337C
0110107    00175EUR2 00417043837  281125MADIO                                             0000001756561D
0410107056900175EUR2E0041704383705011225  011225VIREMENT SEPA RECU   569    000  2817119  0000000002100{
0510107    00175EUR2 0041704383705011225     NPYM GEORGES AFFOUM
0510107    00175EUR2 0041704383705011225     RCN032025332165668790000001
0510107    00175EUR2 0041704383705011225     LIBSOGEFRPP
0410107056800175EUR2E0041704383706011225  011225VIREMENT SEPA EMIS   568    000  90226590 0000000006585O
0510107    00175EUR2 0041704383706011225     NBEANAPIJ
0510107    00175EUR2 0041704383706011225     LCC2511APJF000032
0510107    00175EUR2 0041704383706011225     LIBBNPAFRPPXXX
0410107087600175EUR2E00417043837C1011225  011225VIREMENT INST. EMIS  876    000  21F91D00 0000000009276J
0510107    00175EUR2 00417043837C1011225     NBEPIERRE-ANTOINE CUNE
0510107    00175EUR2 00417043837C1011225     LCCSALAIRE NOV 25
0510107    00175EUR2 00417043837C1011225     RCNNOTPROVIDED
0510107    00175EUR2 00417043837C1011225     LIBCEPAFRPP627
0510107    00175EUR2 00417043837C1011225     LIB01/12/2025 11 36 50 CET
0410107087600175EUR2E00417043837C1011225  011225VIREMENT INST. EMIS  876    000  E00D0910 0000000022804M
0510107    00175EUR2 00417043837C1011225     NBEFOUAD HASSANEIN
0510107    00175EUR2 00417043837C1011225     LCCSALAIRE NOV 25
0510107    00175EUR2 00417043837C1011225     RCNNOTPROVIDED
0510107    00175EUR2 00417043837C1011225     LIBSOGEFRPPXXX
0510107    00175EUR2 00417043837C1011225     LIB01/12/2025 11 38 34 CET
0410107051800175EUR2E00417043837B1011225  011225PRELEVEMENT SEPA     518    000  28162960 0000000008611O
0510107    00175EUR2 00417043837B1011225     NBEGEODIS D E SEINE-GEODIS D E SEINE
0510107    00175EUR2 00417043837B1011225     LCCPRELEVEMENT
0510107    00175EUR2 00417043837B1011225     IBEFR49ZZZ465504                      SEPA
0510107    00175EUR2 00417043837B1011225     RUM140417T10233149                    RCUR
0510107    00175EUR2 00417043837B1011225     RCN0000RLC85154
0710107    00175EUR2 00417043837  011225                                                  0000001711383G
0110207    00012EUR2 21217911983  281125SULINSKI DELPHINE                COMPTE COURANT   0000003568696I
0410207021400012EUR2E2121791198311011225  011225FACTURE CB                       FF6TD3C100000000000350}WEB AMENDE.GOUVF
0510207    00012EUR2 2121791198311011225     LIBWEB AMENDE.GOUVFR 35RENNES
0510207    00012EUR2 2121791198311011225     LIB35 00EUR 1 EURO   1 000000
0510207    00012EUR2 2121791198311011225     LIB281125 CB****0951
0410207021400012EUR2E2121791198311011225  011225FACTURE CB                       FF6TD3D100000000002672KPLATEFO 4126   F
0510207    00012EUR2 2121791198311011225     LIBPLATEFO 4126   FR ARCUEIL
0510207    00012EUR2 2121791198311011225     LIB267 22EUR 1 EURO   1 000000
0510207    00012EUR2 2121791198311011225     LIB281125 CB****0951
0410207021900012EUR2E2121791198307011225  271125LCR DOMICILIEE                   3180029100000000258404NREF TIRE 2025111
0510207    00012EUR2 2121791198307011225     LIBREF TIRE 20251119-L
0510207    00012EUR2 2121791198307011225     LIBLARIVIERE       281125
0710207    00012EUR2 21217911983  011225                                                  0000003307270B
0114707    03909EUR2 32821639489  281125MENILLET COURTAGE                COMPTE COURANT   0000000236806A
0414707020603909EUR2E3282163948930011225  281125REM.CARTE BLEUE                  0084649100000000003500{
0514707    03909EUR2 3282163948930011225     LIB                - NB0001/121649
0514707    03909EUR2 3282163948930011225     LIBREMISE CB 5951627011
0414707061003909EUR2E3282163948962011225  011225COMMISSIONS CB                   0084649100000000000010N
0514707    03909EUR2 3282163948962011225     LIB                - NB0001/121649
0514707    03909EUR2 3282163948962011225     LIBCOM CB    5951627011
0414707050503909EUR2E3282163948905011225  011225VIREMENT SEPA                    F9TDZ8I000000000005399AREF   989000235
0514707    03909EUR2 3282163948905011225     LIBREF   989000235 FM.HELIUM
0514707    03909EUR2 3282163948905011225     LIBEVI HELIUM
0514707    03909EUR2 3282163948905011225     MMOEUR2000000000539910000000000000
0514707    03909EUR2 3282163948905011225     NPYHELIUM
0514707    03909EUR2 3282163948905011225     NBEOPTIQUE D ERLON-T          11132
0514707    03909EUR2 3282163948905011225     LCCREF   989000235 FM.HELIUM
0514707    03909EUR2 3282163948905011225     RCN989000235
0414707020603909EUR2E3282163948930011225  011225REM.CARTE BLEUE                  0085078100000000024400{
0514707    03909EUR2 3282163948930011225     LIB                - NB0003/123078
0514707    03909EUR2 3282163948930011225     LIBREMISE CB 5951627011
0414707061003909EUR2E3282163948962011225  011225COMMISSIONS CB                   0085078100000000000073L
0514707    03909EUR2 3282163948962011225     LIB                - NB0003/123078
0514707    03909EUR2 3282163948962011225     LIBCOM CB    5951627011
0414707020603909EUR2E3282163948930011225  011225REM.CARTE BLEUE                  0493829100000000001500{
0514707    03909EUR2 3282163948930011225     LIB                - NB0002/175829
0514707    03909EUR2 3282163948930011225     LIBREMISE CB 5951628015
0414707061003909EUR2E3282163948962011225  011225COMMISSIONS CB                   0493829100000000000004N
0514707    03909EUR2 3282163948962011225     LIB                - NB0002/175829
0514707    03909EUR2 3282163948962011225     LIBCOM CB    5951628015
0414707053703909EUR2E3282163948908011225  011225PRLV SEPA                        0DTHV2J100000000007371J
0514707    03909EUR2 3282163948908011225     LIBNM-C319074-44589-337380216
0514707    03909EUR2 3282163948908011225     LIBPRLV SEPA ATHLON CAR LEA
0414707053703909EUR2E3282163948908011225  011225PRLV SEPA                        0DTPRB2100000000004035}10055168
0514707    03909EUR2 3282163948908011225     LIB10055168 CLIENT 01.12.25-31.12.2
0514707    03909EUR2 3282163948908011225     LIB10055168
0514707    03909EUR2 3282163948908011225     LIBPRLV SEPA GRENKE LOCATIO
0414707053703909EUR2E3282163948908011225  011225PRLV SEPA                        0DU17CJ100000000000720}PUBLICITE GOOGLE
0514707    03909EUR2 3282163948908011225     LIBPUBLICITE GOOGLE ADWORDS
0514707    03909EUR2 3282163948908011225     LIBOPTIQUE D'ERLON
0514707    03909EUR2 3282163948908011225     LIBPRLV SEPA NETCREATIVE
0414707053703909EUR2E3282163948908011225  011225PRLV SEPA                        0DTVTPG100000000008299Q
0514707    03909EUR2 3282163948908011225     LIB220203 - 14012025
0514707    03909EUR2 3282163948908011225     LIBPRLV SEPA FITECO
0414707053703909EUR2E3282163948908011225  011225PRLV SEPA                        0DTVVGV100000000004140}PRELEVEMENT BDC
0514707    03909EUR2 3282163948908011225     LIBPRELEVEMENT BDC L572936 30/11/25
0514707    03909EUR2 3282163948908011225     LIBL572936
0514707    03909EUR2 3282163948908011225     LIBPRLV SEPA N.E.U/LE PETIT
0414707053703909EUR2E3282163948908011225  011225PRLV SEPA                        0DTW5D7100000000000479RBNP PARIBAS LEAS
0514707    03909EUR2 3282163948908011225     LIBBNP PARIBAS LEASE GROUP /A1U0321
0514707    03909EUR2 3282163948908011225     LIBSIEN0100636486
0514707    03909EUR2 3282163948908011225     LIBPRLV SEPA BNP PARIBAS LE
0414707053703909EUR2E3282163948908011225  011225PRLV SEPA                        0DU0L02100000000002340}SECURITAS TECHNO
0514707    03909EUR2 3282163948908011225     LIBSECURITAS TECHNOLOGY SER
0514707    03909EUR2 3282163948908011225     LIBSDS1013174NAAE
0514707    03909EUR2 3282163948908011225     LIBPRLV SEPA SECURITAS TECH
0414707053703909EUR2E3282163948908011225  011225PRLV SEPA                        0DU1ATK100000000000276}MENSUALITE HEBER
0514707    03909EUR2 3282163948908011225     LIBMENSUALITE HEBERG SITE INTERNET
0514707    03909EUR2 3282163948908011225     LIBOPTIQUE D'ERLON
0514707    03909EUR2 3282163948908011225     LIBPRLV SEPA NETCREATIVE
0414707053703909EUR2E3282163948908011225  011225PRLV SEPA                        0DU8T30100000000001040}EMS C        - A
0514707    03909EUR2 3282163948908011225     LIBEMS COACHING - ABONNEMENT ANNUEL
0514707    03909EUR2 3282163948908011225     LIB68B579B755187
0514707    03909EUR2 3282163948908011225     LIBPRLV SEPA SARL EMS JUGAB
0414707050503909EUR2E3282163948905011225  011225VIREMENT SEPA                    FERUIA2000000000006799AISANTE01122025 0
0514707    03909EUR2 3282163948905011225     LIBISANTE01122025 000178
0514707    03909EUR2 3282163948905011225     LIBEVI CETIP CETIP
0514707    03909EUR2 3282163948905011225     MMOEUR2000000000679910000000000000
0514707    03909EUR2 3282163948905011225     NPYCETIP CETIP
0514707    03909EUR2 3282163948905011225     NBEOPTIQUE D 'ERLON
0514707    03909EUR2 3282163948905011225     LCCISANTE01122025 000178
0514707    03909EUR2 3282163948905011225     RCN000178-512600305
0414707050503909EUR2E3282163948905011225  011225VIREMENT SEPA                    FERUWDZ000000000000000I0000005126003053
0514707    03909EUR2 3282163948905011225     LIB0000005126003053315830251128
0514707    03909EUR2 3282163948905011225     LIBEVI C.P.A.M. REIMS
0514707    03909EUR2 3282163948905011225     MMOEUR2000000000000090000000000000
0514707    03909EUR2 3282163948905011225     NPYC.P.A.M. REIMS
0514707    03909EUR2 3282163948905011225     IPY0
0514707    03909EUR2 3282163948905011225     NBESAS OPTIQUE D ERLON
0514707    03909EUR2 3282163948905011225     LCC0000005126003053315830251128
0514707    03909EUR2 3282163948905011225     RCN0000005126003053315830251128
0714707    03909EUR2 32821639489  011225                                                  0000000249615A
0114607    00060EUR2 71021130179  281125M AELBRECHT BAPTISTE             COMPTE COURANT   0000001151507B
0714607    00060EUR2 71021130179  011225                                                  0000001151507B
0110807    00455EUR2 62321074944  281125R&S GROUP                        CCE R&S GROUP    0000000072786O
0410807050500455EUR2E6232107494405011225  011225EUROVIREM. SEPA                  F9TBM7B100000000001165{0000005850018783
0510807    00455EUR2 6232107494405011225     LIB0000005850018783315830251128
0510807    00455EUR2 6232107494405011225     LIBEVI CPAM DE LA NIEVRE
0510807    00455EUR2 6232107494405011225     MMOEUR2000000000116500000000000000
0510807    00455EUR2 6232107494405011225     NPYCPAM DE LA NIEVRE
0510807    00455EUR2 6232107494405011225     IPY0
0510807    00455EUR2 6232107494405011225     NBEPINO MARTINEZ KARINE
0510807    00455EUR2 6232107494405011225     LCC0000005850018783315830251128
0510807    00455EUR2 6232107494405011225     RCN0000005850018783315830251128
0410807020600455EUR2E6232107494430011225  011225REMISE CB                        0004799100000000001011ABRUT      101 50
0510807    00455EUR2 6232107494430011225     LIBBRUT      101 50E - COM    0 39E
0510807    00455EUR2 6232107494430011225     LIB                - NB0004/148799
0510807    00455EUR2 6232107494430011225     LIBREMISE CB 5075358014
0410807049900455EUR2E6232107494462011225  011225LOYER TPE / ELC                  5075359000000000000178QMOIS DE NOVEMBRE
0510807    00455EUR2 6232107494462011225     LIBMOIS DE NOVEMBRE 2025
0510807    00455EUR2 6232107494462011225     LIBHT      14 90/TVA20 00      2 98
0510807    00455EUR2 6232107494462011225     LIBLOYER TPE / ELC
0410807050500455EUR2E6232107494405011225  011225EUROVIREM. SEPA                  FERUHKZ100000000000500{TELECONSULT MAII
0510807    00455EUR2 6232107494405011225     LIBTELECONSULT MAIIA
0510807    00455EUR2 6232107494405011225     LIBEVI STRIPE
0510807    00455EUR2 6232107494405011225     MMOEUR2000000000050000000000000000
0510807    00455EUR2 6232107494405011225     NPYSTRIPE
0510807    00455EUR2 6232107494405011225     NBEPINO ROULOIS
0510807    00455EUR2 6232107494405011225     LCCTELECONSULT MAIIA
0510807    00455EUR2 6232107494405011225     RCNTELECONSU-PKYUGKQGTTJQG9PJVDR8QF9OO
0710807    00455EUR2 62321074944  011225                                                  0000000070289L
0110807    00449EUR2 25019722433  281125LA PAUSE DETENTE                 COMPTE COURANT   0000000015231I
0410807049900449EUR2E2501972243362011225  011225LOYER TPE / ELC                  5072925000000000000226QMOIS DE NOVEMBRE
0510807    00449EUR2 2501972243362011225     LIBMOIS DE NOVEMBRE 2025
0510807    00449EUR2 2501972243362011225     LIBHT      18 90/TVA20 00      3 78
0510807    00449EUR2 2501972243362011225     LIBLOYER TPE / ELC
0410807053700449EUR2E2501972243308011225  011225EUROPRELEVEMENT                  015OSU7100000000000720}V
0510807    00449EUR2 2501972243308011225     LIBVOTRE ABONNEMENT FIBRE (FACTURE
0510807    00449EUR2 2501972243308011225     LIBM0066664268
0510807    00449EUR2 2501972243308011225     LIBPRLV SEPA ORANGE SA
0710807    00449EUR2 25019722433  011225                                                  0000000014285A
0110807    00449EUR2 72321610536  281125L'EPICURIEN                      COMPTE COURANT   0000000108641I
0410807052300449EUR2E7232161053606011225  011225VIR OCC SEPA C                   1252063100000000050000}V           G
0510807    00449EUR2 7232161053606011225     LIBVIREMENT DE GFA GERARD FERRAND A
0510807    00449EUR2 7232161053606011225     LIBVIREMENT DE GFA GERARD FERRAND A
0510807    00449EUR2 7232161053606011225     LIBFERRAND G ET M
0710807    00449EUR2 72321610536  011225                                                  0000000058641I
0113507    00161EUR2 32251542512  281125CSE STOKOMANI OEUVRES SOCIALES   COMPTE COURANT   0000000151961D
0413507050500161EUR2E3225154251205011225  011225EUROVIRT SEPA                    F9T8WN9100000000000902DERF-TRD-2127223-
0513507    00161EUR2 3225154251205011225     LIBERF-TRD-2127223-25112025-1
0513507    00161EUR2 3225154251205011225     LIBVIR EDENRED FRANCE
0513507    00161EUR2 3225154251205011225     MMOEUR2000000000090240000000000000
0513507    00161EUR2 3225154251205011225     NPYEDENRED FRANCE
0513507    00161EUR2 3225154251205011225     NBESARL G2B
0513507    00161EUR2 3225154251205011225     LCCERF-TRD-2127223-25112025-1
0513507    00161EUR2 3225154251205011225     RCNVSCT-TX-21880
0413507020600161EUR2E3225154251230011225  011225REM.CARTE BLEUE                  0248749100000000002389CBRUT      240 00
0513507    00161EUR2 3225154251230011225     LIBBRUT      240 00E - COM    1 07E
0513507    00161EUR2 3225154251230011225     LIB                - NB0009/142749
0513507    00161EUR2 3225154251230011225     LIBREMISE CB 5454303011
0413507020600161EUR2E3225154251230011225  011225REM.CARTE BLEUE                  0249630100000000014325{BRUT    1 439 50
0513507    00161EUR2 3225154251230011225     LIBBRUT    1 439 50E - COM    7 00E
0513507    00161EUR2 3225154251230011225     LIB                - NB0094/145630
0513507    00161EUR2 3225154251230011225     LIBREMISE CB 5454303011
0413507020600161EUR2E3225154251230011225  011225REM.CARTE BLEUE                  0251916100000000001136IBRUT      114 20
0513507    00161EUR2 3225154251230011225     LIBBRUT      114 20E - COM    0 51E
0513507    00161EUR2 3225154251230011225     LIB                - NB0005/142916
0513507    00161EUR2 3225154251230011225     LIBREMISE CB 5454303011
0413507020600161EUR2E3225154251230011225  011225REM.CARTE BLEUE                  0250444100000000013136IBRUT    1 319 90
0513507    00161EUR2 3225154251230011225     LIBBRUT    1 319 90E - COM    6 21E
0513507    00161EUR2 3225154251230011225     LIB                - NB0072/143444
0513507    00161EUR2 3225154251230011225     LIBREMISE CB 5454303011
0413507020600161EUR2E3225154251230011225  011225REM.CARTE BLEUE                  0253068100000000000863ABRUT       86 70
0513507    00161EUR2 3225154251230011225     LIBBRUT       86 70E - COM    0 39E
0513507    00161EUR2 3225154251230011225     LIB                - NB0003/195068
0513507    00161EUR2 3225154251230011225     LIBREMISE CB 5454303011
0413507020600161EUR2E3225154251230011225  011225REM.CARTE BLEUE                  0252516100000000010062FBRUT    1 010 80
0513507    00161EUR2 3225154251230011225     LIBBRUT    1 010 80E - COM    4 54E
0513507    00161EUR2 3225154251230011225     LIB                - NB0049/195516
0513507    00161EUR2 3225154251230011225     LIBREMISE CB 5454303011
0413507053700161EUR2E3225154251208011225  011225EUROPRELEVEMENT                  0AULEUX100000000000786}09321582
0513507    00161EUR2 3225154251208011225     LIB09321582 CLIENT 01.12.25-31.12.2
0513507    00161EUR2 3225154251208011225     LIB09321582
0513507    00161EUR2 3225154251208011225     LIBPRLV SEPA GRENKE LOCATIO
0413507053700161EUR2E3225154251208011225  011225EUROPRELEVEMENT                  0AUS8AX100000000013934M9932
0513507    00161EUR2 3225154251208011225     LIB9932
0513507    00161EUR2 3225154251208011225     LIBPOMDISTRIB2CROUS01
0513507    00161EUR2 3225154251208011225     LIBPRLV SEPA POM DISTRIB
0413507053700161EUR2E3225154251208011225  011225EUROPRELEVEMENT                  0AUYY6R100000000006423MP         (26083
0513507    00161EUR2 3225154251208011225     LIBPRLVT FAC (26083218-26084698-260
0513507    00161EUR2 3225154251208011225     LIB  R911408417---0000698600203389
0513507    00161EUR2 3225154251208011225     LIBPRLV SEPA VANDENBULCKE
0413507093600161EUR2E3225154251206011225  011225VIR INST B2B                     WGJMCE0100000000015240}P    BSMO
0513507    00161EUR2 3225154251206011225     LIBPOUR BSMO
0513507    00161EUR2 3225154251206011225     LIBLOYER G2B LE CROUSTI FRIT
0513507    00161EUR2 3225154251206011225     LIBVIR INST BSMO
0713507    00161EUR2 32251542512  011225                                                  0000000158393H
0110807    00457EUR2 02321140195  281125SCI GHTE22600                                     0000000047291E
0410807006000457EUR2E0232114019506011225  011225VIREMENT                         1320872100000000001689RRBST MATERIAUX S
0510807    00457EUR2 0232114019506011225     LIBRBST MATERIAUX SCI
0510807    00457EUR2 0232114019506011225     LIBVAILLANT AUTO
0710807    00457EUR2 02321140195  011225                                                  0000000045601F
0117807    00803EUR2 05421129155  281125SC AJC CONSEILS                  COMPTE COURANT   0000000030363G
0417807022600803EUR2E0542112915591011225  301125ECHEANCE PRET                    8655900000000000008707JDONT CAP    769
0517807    00803EUR2 0542112915591011225     LIBDONT CAP    769 66 ASS.    0 00E
0517807    00803EUR2 0542112915591011225     LIB     INT.   101 05 COM.    0 00E
0417807022100803EUR2E0542112915507011225  301125LCR DOMICILIEE                   3603171100000000003644N
0517807    00803EUR2 0542112915507011225     LIBLCR POINT.P - BMSO  3011
0717807    00803EUR2 05421129155  011225                                                  0000000018012A
0116807    00386EUR2 42821066881  281125AUTO MOTO ECOLE TINQUEUX         COMPTE COURANT   0000000000296}
0716807    00386EUR2 42821066881  011225                                                  0000000000296}