0111006    43100EUR2 24592314909  011225GHM                              COMPTE COURANT   0000000291539B  231
0711006    43100EUR2 24592314909  021225        ------------------------------            0000000291539B
0118706    00000EUR2 97539269449  011225AUTO STORY                       COMPTE COURANT   0000000056492I  231
0718706    00000EUR2 97539269449  021225        ------------------------------            0000000056492I
0118706    00000EUR2 97547520124  011225CAUVALEX MANUTENTION             COMPTE COURANT   0000000020018O  231
0718706    00000EUR2 97547520124  021225        ------------------------------            0000000020018O
0111006    43100EUR2 52151693641  011225MENILLET COURTAGE                COMPTE COURANT   0000000063456C  231
0411006002643100EUR2E52151693641C1021225  021225VIR INST VERS ANTHONY JUILLARD   0000000000000000011284L
0511006    43100EUR2 52151693641C1021225     NPYS.C.E.A. SCEA JARDIN BIO DU BOIS RAM EAU
0511006    43100EUR2 52151693641C1021225     NBEANTHONY JUILLARD
0511006    43100EUR2 52151693641C1021225     LCCSALAIRE NOVEMBRE 2025
0511006    43100EUR2 52151693641C1021225     REF                                   D9BA3F890913437DBEE46C94B6191BEF
0511006    43100EUR2 52151693641C1021225     CBEFR7618706000009750942083520
0711006    43100EUR2 52151693641  021225                                                  0000000052172{
0118706    00000EUR2 00032840693  011225AUTO MOTO ECOLE TINQUEUX         COMPTE COURANT   0000000321861G  231
0418706005200000EUR2E0003284069311021225  021225CARTE X6618 RELAIS MORET 2       0000000000000000000835O
0718706    00000EUR2 00032840693  021225                                                  0000000321026A
0118706    00000EUR2 72203315574  011225LE MARTELOT BRUNO                                 0000000088939{  231
0718706    00000EUR2 72203315574  021225        ------------------------------            0000000088939{
0113807    00582EUR2 32721049459  011225BC2L IMMOBILIER                  COMPTE COURANT   0000000114617N
0413807020600582EUR2E3272104945930021225  011225REM CB CIONS         5386271016  0959956100000000000037{
0513807    00582EUR2 3272104945930021225     LIB                - NB0002/139956
0413807020600582EUR2E3272104945930021225  011225REM CB CIONS         5386298012  0969960100000000004580{
0513807    00582EUR2 3272104945930021225     LIB                - NB0073/140960
0413807061000582EUR2E3272104945966021225  021225COM CIONS CB         5386271016  0959956100000000000000K
0513807    00582EUR2 3272104945966021225     LIB                - NB0002/139956
0413807061000582EUR2E3272104945966021225  021225COM CIONS CB         5386298012  0969960100000000000019}
0513807    00582EUR2 3272104945966021225     LIB                - NB0073/140960
0413807053700582EUR2E3272104945908021225  021225PRLV SEPA SWILE                  0AFB7FJ000000000000067}
0513807    00582EUR2 3272104945908021225     LIBSWILE TRANSFER-27780-8049319
0513807    00582EUR2 3272104945908021225     LIBSWILE-45038700600031-150221
0513807    00582EUR2 3272104945908021225     NPYFLEURY CEDRIC
0513807    00582EUR2 3272104945908021225     NBESWILE
0513807    00582EUR2 3272104945908021225     IBEFR74ZZZ838795                      SEPA
0513807    00582EUR2 3272104945908021225     LCCSWILE TRANSFER-27780-8049319
0513807    00582EUR2 3272104945908021225     RCN571D2091EB5D4719BAFFD091E874AD01
0513807    00582EUR2 3272104945908021225     REF3355009LIT5                        6025335EUHLG8SDT
0513807    00582EUR2 3272104945908021225     RUMSWILE-45038700600031-150221        RCUR
0513807    00582EUR2 3272104945908021225     CPYFR7613807005823272104954954
0713807    00582EUR2 32721049459  021225                                                  0000000110086P