0110207    00013EUR2 22218401015  011225BOUCHERIE EL MANAR               COMPTE COURANT   0000000508095C
0410207050500013EUR2E2221840101505021225  021225EUROVIREMENT                     FGFDN34000000000040000{CONVENTION DE PR
0510207    00013EUR2 2221840101505021225     LIBCONVENTION DE PRESTATION
0510207    00013EUR2 2221840101505021225     LIBEVI RENDEL OPTICAL
0510207    00013EUR2 2221840101505021225     MMOEUR2000000004000000000000000000
0510207    00013EUR2 2221840101505021225     NPYRENDEL OPTICAL
0510207    00013EUR2 2221840101505021225     NBEOPTICAL SERVICE CONSULTI
0510207    00013EUR2 2221840101505021225     LCCCONVENTION DE PRESTATION
0510207    00013EUR2 2221840101505021225     RCNZZ1JI26L2629P7D8N
0410207052300013EUR2E2221840101506021225  021225EVI OCCAS CYBER                  3610673100000000013534JC1589661
0510207    00013EUR2 2221840101506021225     LIBC1589661
0510207    00013EUR2 2221840101506021225     LIBSALAIRE NOVEMBRE
0510207    00013EUR2 2221840101506021225     LIBEVI AKOKO LINDA
0410207052300013EUR2E2221840101506021225  021225EVI OCCAS CYBER                  3610762100000000014674JC1589661
0510207    00013EUR2 2221840101506021225     LIBC1589661
0510207    00013EUR2 2221840101506021225     LIBSALAIRE NOVEMBRE
0510207    00013EUR2 2221840101506021225     LIBEVI ZIANI MYRIAM
0410207052300013EUR2E2221840101506021225  021225EVI OCCAS CYBER                  3610847100000000013653PC1589661
0510207    00013EUR2 2221840101506021225     LIBC1589661
0510207    00013EUR2 2221840101506021225     LIBSALAIRE NOVEMBRE
0510207    00013EUR2 2221840101506021225     LIBEVI PARTOUCHE ILANA
0710207    00013EUR2 22218401015  021225                                                  0000000506233D
0110807    00452EUR2 42221189809  011225SCI JMCH GROUPE LEMOINE          COMPTE COURANT   0000000071078D
0710807    00452EUR2 42221189809  021225                                                  0000000071078D
0110107    00175EUR2 00829015123  011225LUCAS OPTIK                      COMPTE COURANT   0000005009829E
0710107    00175EUR2 00829015123  021225                                                  0000005009829E
0110807    00455EUR2 62221127195  011225SAS NOOSA PIZZA   SERVAIS INGRID COMPTE COURANT   0000000081023G
0410807004800455EUR2E6222112719502021225  031225REMISES CHEQUES                  3001062100000000048143B
0510807    00455EUR2 6222112719502021225     LIB DE 8    CHEQUE(S)
0410807021400455EUR2E6222112719511021225  021225FACTURE CB                       FGUDFZL100000000003520LAMAZON PAYMENTSF
0510807    00455EUR2 6222112719511021225     LIBAMAZON PAYMENTSFRA PARIS
0510807    00455EUR2 6222112719511021225     LIB352 03EUR 1 EURO   1 000000
0510807    00455EUR2 6222112719511021225     LIB291125 CB****8220
0710807    00455EUR2 62221127195  021225                                                  0000000125646F
0118707    00700EUR2 31521986242  011225SCI LES PETITS PRES              COMPTE COURANT   0000000002440B
0418707049900700EUR2E3152198624262021225  011225ABON. MONETIQUE                  5234653000000000000260RMOIS DE NOVEMBRE
0518707    00700EUR2 3152198624262021225     LIBMOIS DE NOVEMBRE 2025
0518707    00700EUR2 3152198624262021225     LIBHT      21 74/TVA20 00      4 35
0518707    00700EUR2 3152198624262021225     LIBFRAIS LOCATION TPE
0418707052200700EUR2E3152198624206021225  021225VIR SEPA PERM                    1230973100000000008000}
0518707    00700EUR2 3152198624206021225     LIBVRT SCI LYS IMMO
0518707    00700EUR2 3152198624206021225     LIBVRT SCI LYS IMMO
0518707    00700EUR2 3152198624206021225     LIBVIR SCI LYS IMMO
0418707051000700EUR2E3152198624205021225  021225VIREMENT SEPA                    0996205100000000015000{
0518707    00700EUR2 3152198624205021225     LIBPAIEMENT FACTURES
0518707    00700EUR2 3152198624205021225     LIBVIREMENT M OU MME LYS SO
0418707021400700EUR2E3152198624211021225  011225FACTURE CB                       FF6ZKNC100000000000754}EDF ENTREPRISE F
0518707    00700EUR2 3152198624211021225     LIBEDF ENTREPRISE FR 75PARIS 08
0518707    00700EUR2 3152198624211021225     LIB75 40EUR 1 EURO   1 000000
0518707    00700EUR2 3152198624211021225     LIB301125 CB****7251
0718707    00700EUR2 31521986242  021225                                                  0000000008425C
0110907    00457EUR2 60021830601  011225SCI JMCH GROUPE LEMOINE          COMPTE COURANT   0000000602509G
0410907004800457EUR2E6002183060102021225  031225REMISE CHEQUES                   0715806100000000052475C
0510907    00457EUR2 6002183060102021225     LIBREM CHQ  DE 1    CHEQUE(
0410907021400457EUR2E6002183060111021225  021225PAIEMENT CARTE                   FGUC390100000000001948}LEROY MERLIN   F
0510907    00457EUR2 6002183060111021225     LIBLEROY MERLIN   FR MERIGNAC
0510907    00457EUR2 6002183060111021225     LIB194 80EUR 1 EURO   1 000000
0510907    00457EUR2 6002183060111021225     LIB011225 CB****4343
0410907021400457EUR2E6002183060111021225  021225PAIEMENT CARTE                   FGUC38Z100000000000803}BISTRO REGENT  F
0510907    00457EUR2 6002183060111021225     LIBBISTRO REGENT  FR MERIGNAC
0510907    00457EUR2 6002183060111021225     LIB80 30EUR 1 EURO   1 000000
0510907    00457EUR2 6002183060111021225     LIB011225 CB****4343
0710907    00457EUR2 60021830601  021225                                                  0000000652234{
0110807    00449EUR2 72421682522  011225EGV HOLDING                      COMPTE COURANT   0000000702100A
0410807052400449EUR2E7242168252262021225  291125FRAIS DIVERS                     0010523000000000000232QXCCNV240 2025112
0510807    00449EUR2 7242168252262021225     LIBXCCNV240 2025112900010523000001
0510807    00449EUR2 7242168252262021225     LIBCONTRAT CNV5041093036
0510807    00449EUR2 7242168252262021225     LIBCOTIS RYTHMEO
0410807050500449EUR2E7242168252205021225  021225EUROVIREM. SEPA                  FGFD7VK100000000005200{VIREMENT DE M CH
0510807    00449EUR2 7242168252205021225     LIBVIREMENT DE M CHAZEAU ADRIEN
0510807    00449EUR2 7242168252205021225     LIBEVI M CHAZEAU ADRIEN
0510807    00449EUR2 7242168252205021225     MMOEUR2000000000520000000000000000
0510807    00449EUR2 7242168252205021225     NPYM CHAZEAU ADRIEN
0510807    00449EUR2 7242168252205021225     NBEPROPRIO
0510807    00449EUR2 7242168252205021225     LCCVIREMENT DE M CHAZEAU ADRIEN
0510807    00449EUR2 7242168252205021225     RCNVIREMENT DE M CHAZEAU ADRIEN
0710807    00449EUR2 72421682522  021225                                                  0000000707067C
0110807    00449EUR2 12421436392  011225EI SALON INES D                  COMPTE COURANT   0000000241156C
0710807    00449EUR2 12421436392  021225                                                  0000000241156C
0114707    06909EUR2 32521841963  011225EIRL M ZHANG MARC                COMPTE COURANT   0000000333216I
0414707050506909EUR2E3252184196305021225  021225VIREMENT SEPA                    FERW4PQ000000000002357{0000001010204023
0514707    06909EUR2 3252184196305021225     LIB0000001010204023296511251126
0514707    06909EUR2 3252184196305021225     LIBEVI MGEN
0514707    06909EUR2 3252184196305021225     MMOEUR2000000000235700000000000000
0514707    06909EUR2 3252184196305021225     NPYMGEN
0514707    06909EUR2 3252184196305021225     IPY0
0514707    06909EUR2 3252184196305021225     NBEEI - HUGOT JULIEN
0514707    06909EUR2 3252184196305021225     LCC0000001010204023296511251126
0514707    06909EUR2 3252184196305021225     RCN0000001010204023296511251126
0414707050506909EUR2E3252184196305021225  021225VIREMENT SEPA                    FERWX8K000000000000725{0000001010204023
0514707    06909EUR2 3252184196305021225     LIB0000001010204023329271251201
0514707    06909EUR2 3252184196305021225     LIBEVI CPAM HAUTS DE SEINE
0514707    06909EUR2 3252184196305021225     MMOEUR2000000000072500000000000000
0514707    06909EUR2 3252184196305021225     NPYCPAM HAUTS DE SEINE SEPA
0514707    06909EUR2 3252184196305021225     IPY0
0514707    06909EUR2 3252184196305021225     NBEEI - HUGOT JULIEN
0514707    06909EUR2 3252184196305021225     LCC0000001010204023329271251201
0514707    06909EUR2 3252184196305021225     RCN0000001010204023329271251201
0414707020606909EUR2E3252184196330021225  021225REM.CARTE BLEUE                  0435652100000000001132E
0514707    06909EUR2 3252184196330021225     LIB                - NB0006/169652
0514707    06909EUR2 3252184196330021225     LIBREMISE CB 1109836010
0414707020606909EUR2E3252184196330021225  021225REM.CARTE BLEUE                  0434000100000000007287E
0514707    06909EUR2 3252184196330021225     LIB                - NB0033/171000
0514707    06909EUR2 3252184196330021225     LIBREMISE CB 1109836010
0414707061006909EUR2E3252184196362021225  021225COMMISSIONS CB                   0435652100000000000003N
0514707    06909EUR2 3252184196362021225     LIB                - NB0006/169652
0514707    06909EUR2 3252184196362021225     LIBCOM CB    1109836010
0414707061006909EUR2E3252184196362021225  021225COMMISSIONS CB                   0434000100000000000022O
0514707    06909EUR2 3252184196362021225     LIB                - NB0033/171000
0514707    06909EUR2 3252184196362021225     LIBCOM CB    1109836010
0414707021406909EUR2E3252184196311021225  021225FACTURE CB                       FGU8YAI100000000000080}FACEBK *PSAT39MI
0514707    06909EUR2 3252184196311021225     LIBFACEBK *PSAT39MIRL FB.ME/ADS
0514707    06909EUR2 3252184196311021225     LIB8 00EUR 1 EURO   1 000000
0514707    06909EUR2 3252184196311021225     LIB011225 CB****8276
0414707050506909EUR2E3252184196305021225  021225VIREMENT SEPA                    FGFDXPC000000000000210{0000001010204023
0514707    06909EUR2 3252184196305021225     LIB0000001010204023325930251201
0514707    06909EUR2 3252184196305021225     LIBEVI C.P.A.M. REIMS
0514707    06909EUR2 3252184196305021225     MMOEUR2000000000021000000000000000
0514707    06909EUR2 3252184196305021225     NPYC.P.A.M. REIMS
0514707    06909EUR2 3252184196305021225     IPY0
0514707    06909EUR2 3252184196305021225     NBEEI - HUGOT JULIEN
0514707    06909EUR2 3252184196305021225     LCC0000001010204023325930251201
0514707    06909EUR2 3252184196305021225     RCN0000001010204023325930251201
0414707050506909EUR2E3252184196305021225  021225VIREMENT SEPA                    FGFDX9S000000000046979D0000001010204023
0514707    06909EUR2 3252184196305021225     LIB0000001010204023327030251201
0514707    06909EUR2 3252184196305021225     LIBEVI C.P.A.M. TROYES
0514707    06909EUR2 3252184196305021225     MMOEUR2000000004697940000000000000
0514707    06909EUR2 3252184196305021225     NPYC.P.A.M. TROYES
0514707    06909EUR2 3252184196305021225     IPY0
0514707    06909EUR2 3252184196305021225     NBEEI - HUGOT JULIEN
0514707    06909EUR2 3252184196305021225     LCC0000001010204023327030251201
0514707    06909EUR2 3252184196305021225     RCN0000001010204023327030251201
0414707050506909EUR2E3252184196305021225  021225VIREMENT SEPA                    FGFEFZ3000000000000510{2025112800000010
0514707    06909EUR2 3252184196305021225     LIB2025112800000010102040 02521000
0514707    06909EUR2 3252184196305021225     LIBEVI MSA SUD CHAMPAGNE
0514707    06909EUR2 3252184196305021225     MMOEUR2000000000051000000000000000
0514707    06909EUR2 3252184196305021225     NPYMSA SUD CHAMPAGNE
0514707    06909EUR2 3252184196305021225     IPY30357426300016
0514707    06909EUR2 3252184196305021225     NBEDR HUGOT JULIEN
0514707    06909EUR2 3252184196305021225     LCC2025112800000010102040 02521000
0514707    06909EUR2 3252184196305021225     RCN2025112800000010102040 02521000
0714707    06909EUR2 32521841963  021225                                                  0000000392312B
0110107    00175EUR2 00214026605  011225SC AJC CONSEILS                  COMPTE COURANT   0000009265050C
0410107056900175EUR2E0021402660505021225  021225VIREMENT SEPA RECU   569    000  2818012  0000000004811{
0510107    00175EUR2 0021402660505021225     NPYKOLNOAH
0510107    00175EUR2 0021402660505021225     LCCPROTECTIM
0510107    00175EUR2 0021402660505021225     RCN2025110245
0510107    00175EUR2 0021402660505021225     LIBSOGEFRPP
0410107057100175EUR2E0021402660562021225  021225COM VIRT SEPA EMIS   571    071  48051250 0000000000002O
0510107    00175EUR2 0021402660562021225     LIB(DONT HORS TAXE E.0 22  TVA TAUX 20 00   E.0 04)
0410107056800175EUR2E0021402660506021225  021225VIREMENT SEPA EMIS   568    071  48051250 0000000048636P
0510107    00175EUR2 0021402660506021225     REFPROTECTIM SECURITY 251201164805125
0510107    00175EUR2 0021402660506021225     LIBNOMBRE D'OPERATIONS             2
0410107057100175EUR2E0021402660562021225  021225COM VIRT SEPA EMIS   571    071  14012400 0000000000046K
0510107    00175EUR2 0021402660562021225     LIB(DONT HORS TAXE E.3 85  TVA TAUX 20 00   E.0 77)
0410107056800175EUR2E0021402660506021225  021225VIREMENT SEPA EMIS   568    071  14012400 0000001101548N
0510107    00175EUR2 0021402660506021225     REFPROTECTIM SECURITY 2512021141401240
0510107    00175EUR2 0021402660506021225     LIBNOMBRE D'OPERATIONS            35
0410107051800175EUR2E00214026605B1021225  021225PRELEVEMENT SEPA     518    000  28174460 0000000006660}
0510107    00175EUR2 00214026605B1021225     NBEECOTREE
0510107    00175EUR2 00214026605B1021225     LCCECOTREE
0510107    00175EUR2 00214026605B1021225     IBEFR13ZZZ819EAB                      SEPA
0510107    00175EUR2 00214026605B1021225     RUMWZTUJ3FPHYHSNPRO                   RCUR
0510107    00175EUR2 00214026605B1021225     RCNSTR16NATVCRUBFH3Q1XQBRANA00XJUOTOH
0710107    00175EUR2 00214026605  021225                                                  0000008112967C
0110107    00175EUR2 00617054596  011225CHOUFFEUR ANTONY                                  0000000346968B
0410107056900175EUR2E0061705459605021225  021225VIREMENT SEPA RECU   569    000  2817980  0000000030300{
0510107    00175EUR2 0061705459605021225     NPYPILLOIS CONSULTING
0510107    00175EUR2 0061705459605021225     LCCFAC-RIV00028 RIVOLI AUTO - PILLOIS
0510107    00175EUR2 0061705459605021225     RCNFAC-RIV00028 PILLOIS CONSULTING
0510107    00175EUR2 0061705459605021225     LIBCCOPFRPPXXX
0410107036500175EUR2E0061705459691021225  021225VIREMENT AUTOMATIQUE 365    000  27375040 0000000005200}
0510107    00175EUR2 0061705459691021225     LIBRICORDEAU                ECH 021225
0510107    00175EUR2 0061705459691021225     LIBLOYER
0710107    00175EUR2 00617054596  021225                                                  0000000372068B
0110107    00175EUR2 00219034207  011225LK DEVELOPPEMENT                 COMPTE COURANT   0000001610903A
0710107    00175EUR2 00219034207  021225                                                  0000001610903A
0110107    00175EUR2 00013053704  011225NORTRADE INTERNATIONAL           COMPTE COURANT   0000000000000{
0710107    00175EUR2 00013053704  021225                                                  0000000000000{
0114707    03909EUR2 32821397320  011225LE BOLAT                         COMPTE COURANT   0000000014381A
0714707    03909EUR2 32821397320  021225                                                  0000000014381A
0110807    00449EUR2 72419307251  011225S.C.I. DAM                       COMPTE COURANT   0000000001603H
0710807    00449EUR2 72419307251  021225                                                  0000000001603H
0110807    00451EUR2 42221415109  011225SARL VALENCIENNES SERVICES       COMPTE COURANT   0000000023741B
0710807    00451EUR2 42221415109  021225                                                  0000000023741B
0110207    00044EUR2 22218236596  011225SNC LEITE 95                     SNC LEITE 95     0000000361482D
0410207050500044EUR2E2221823659605021225  021225EUROVIREMENT                     FERW9NN000000000000599HSOINS JEAN-NOEL
0510207    00044EUR2 2221823659605021225     LIBSOINS JEAN-NOEL
0510207    00044EUR2 2221823659605021225     LIBEVI MR JEAN-NOEL PATRICE
0510207    00044EUR2 2221823659605021225     MMOEUR2000000000059980000000000000
0510207    00044EUR2 2221823659605021225     NPYMR JEAN-NOEL PATRICE
0510207    00044EUR2 2221823659605021225     NBEDR DANILOSKI
0510207    00044EUR2 2221823659605021225     LCCSOINS JEAN-NOEL
0510207    00044EUR2 2221823659605021225     RCNVIREMENT DE MR JEAN-NOEL PATRICE
0710207    00044EUR2 22218236596  021225                                                  0000000362082B
0110207    00013EUR2 22216817715  011225SARL MM AMENAGEMENT              COMPTE COURANT   0000000243337C
0710207    00013EUR2 22216817715  021225                                                  0000000243337C
0110107    00175EUR2 00417043837  011225MADIO                                             0000001711383G
0410107056900175EUR2E0041704383705021225  021225VIREMENT SEPA RECU   569    000  2818151  0000000000170F
0510107    00175EUR2 0041704383705021225     NPYORANGE
0510107    00175EUR2 0041704383705021225     LCC0067696985                  70
0510107    00175EUR2 0041704383705021225     RCNI0001287355041
0510107    00175EUR2 0041704383705021225     IPY38012986646850
0510107    00175EUR2 0041704383705021225     IPY38012986646850
0510107    00175EUR2 0041704383705021225     LIBSOGEFRPPXXX
0410107051800175EUR2E00417043837B1021225  021225PRELEVEMENT SEPA     518    000  28174460 0000000000099R
0510107    00175EUR2 00417043837B1021225     NBETESLA FRANCE SARL
0510107    00175EUR2 00417043837B1021225     LCCTESLA FRANCE SARL SBSOEPC92CJYKSLTA 20251201
0510107    00175EUR2 00417043837B1021225     IBENL48ZZZ342764500000                SEPA
0510107    00175EUR2 00417043837B1021225     RUMXJK267RTHW4MMM52                   RCUR
0510107    00175EUR2 00417043837B1021225     RCNZM99TV84ZQQZSMG6
0410107036500175EUR2E0041704383791021225  021225VIREMENT AUTOMATIQUE 365    000  29585990 0000000002474K
0510107    00175EUR2 0041704383791021225     LIBA VILLARD IMMOBILIER     ECH 021225
0510107    00175EUR2 0041704383791021225     LIB00826
0710107    00175EUR2 00417043837  021225                                                  0000001708980B
0110207    00012EUR2 21217911983  011225SULINSKI DELPHINE                COMPTE COURANT   0000003307270B
0410207052300012EUR2E2121791198306021225  021225EVI OCCAS CYBER                  3591132100000000016652KC1362537
0510207    00012EUR2 2121791198306021225     LIBC1362537
0510207    00012EUR2 2121791198306021225     LIBPAYE NOVEMBRE 2025
0510207    00012EUR2 2121791198306021225     LIBEVI WIRY DIDIER
0410207052300012EUR2E2121791198306021225  021225EVI OCCAS CYBER                  3591252100000000017594OC1362537
0510207    00012EUR2 2121791198306021225     LIBC1362537
0510207    00012EUR2 2121791198306021225     LIBPAYE NOVEMBRE 2025
0510207    00012EUR2 2121791198306021225     LIBEVI JACQUES MIEL
0410207052300012EUR2E2121791198306021225  021225EVI OCCAS CYBER                  3591349100000000013877MC1362537
0510207    00012EUR2 2121791198306021225     LIBC1362537
0510207    00012EUR2 2121791198306021225     LIBPAYE NOVEMBRE 2025
0510207    00012EUR2 2121791198306021225     LIBEVI ROBERT STINGHE
0410207052300012EUR2E2121791198306021225  021225EVI OCCAS CYBER                  3591445100000000011817}C1362537
0510207    00012EUR2 2121791198306021225     LIBC1362537
0510207    00012EUR2 2121791198306021225     LIBPAYE NOVEMBRE 2025
0510207    00012EUR2 2121791198306021225     LIBEVI ALEXANDRU FABIAN STI
0410207052300012EUR2E2121791198306021225  021225EVI OCCAS CYBER                  3591539100000000022890}C1362537
0510207    00012EUR2 2121791198306021225     LIBC1362537
0510207    00012EUR2 2121791198306021225     LIBPAYE NOVEMBRE 2025
0510207    00012EUR2 2121791198306021225     LIBEVI MR SENELIER BAPTISTE
0410207052300012EUR2E2121791198306021225  021225EVI OCCAS CYBER                  3591666100000000002291JC1362537
0510207    00012EUR2 2121791198306021225     LIBC1362537
0510207    00012EUR2 2121791198306021225     LIBFRAIS NOVEMBRE 2025
0510207    00012EUR2 2121791198306021225     LIBEVI ROBERT STINGHE
0410207052300012EUR2E2121791198306021225  021225EVI OCCAS CYBER                  3592033100000000021200}C1362537
0510207    00012EUR2 2121791198306021225     LIBC1362537
0510207    00012EUR2 2121791198306021225     LIBACOMPTE AVANCEMENT 37 REUILLY
0510207    00012EUR2 2121791198306021225     LIBEVI ALAIN WIRY
0710207    00012EUR2 21217911983  021225                                                  0000003200947I
0114707    03909EUR2 32821639489  011225MENILLET COURTAGE                COMPTE COURANT   0000000249615A
0414707049903909EUR2E3282163948962021225  021225LOCATION TPE                     5951627100000000000359RMOIS DE DECEMBRE
0514707    03909EUR2 3282163948962021225     LIBMOIS DE DECEMBRE 2025
0514707    03909EUR2 3282163948962021225     LIBHT      29 99/TVA20 00      6 00
0514707    03909EUR2 3282163948962021225     LIBLOC/ABONN TPE
0414707050503909EUR2E3282163948905021225  021225VIREMENT SEPA                    FGFFEZU000000000008450{CADORET FCT 2728
0514707    03909EUR2 3282163948905021225     LIBCADORET FCT 27285
0514707    03909EUR2 3282163948905021225     LIBEVI MR   ERIC CADORET
0514707    03909EUR2 3282163948905021225     MMOEUR2000000000845000000000000000
0514707    03909EUR2 3282163948905021225     NPYMR   ERIC CADORET
0514707    03909EUR2 3282163948905021225     NBESAS OPTIQUE D ERLON
0514707    03909EUR2 3282163948905021225     LCCCADORET FCT 27285
0514707    03909EUR2 3282163948905021225     RCNNOTPROVIDED
0414707093603909EUR2E3282163948906021225  021225VIR INST                         WJJXLXB100000000020000}P    LAMBLA THIB
0514707    03909EUR2 3282163948906021225     LIBPOUR LAMBLA THIBAUT
0514707    03909EUR2 3282163948906021225     LIBACOMPTE NOVEMBRE
0514707    03909EUR2 3282163948906021225     LIBVIR INST LAMBLA THIBAUT
0414707093603909EUR2E3282163948906021225  021225VIR INST                         WJJXLYJ100000000015000}P    JADE FOSSAR
0514707    03909EUR2 3282163948906021225     LIBPOUR JADE FOSSARD
0514707    03909EUR2 3282163948906021225     LIBACOMPTE NOVEMBRE
0514707    03909EUR2 3282163948906021225     LIBVIR INST JADE FOSSARD
0414707093603909EUR2E3282163948906021225  021225VIR INST                         WJJXLZK100000000010000}P    BEA LAURENC
0514707    03909EUR2 3282163948906021225     LIBPOUR BEA LAURENCE
0514707    03909EUR2 3282163948906021225     LIBACOMPTE NOVEMBRE
0514707    03909EUR2 3282163948906021225     LIBVIR INST BEA LAURENCE
0414707093603909EUR2E3282163948906021225  021225VIR INST                         WJJXM1H100000000005000}P    HUGO MURIAS
0514707    03909EUR2 3282163948906021225     LIBPOUR HUGO MURIAS--DEVIGNE
0514707    03909EUR2 3282163948906021225     LIBACOMPTE NOVEMBRE
0514707    03909EUR2 3282163948906021225     LIBVIR INST HUGO MURIAS--DE
0714707    03909EUR2 32821639489  021225                                                  0000000207705B
0114607    00060EUR2 71021130179  011225M AELBRECHT BAPTISTE             COMPTE COURANT   0000001151507B
0414607052300060EUR2E7102113017906021225  021225SEPA CYBER DB                    6554294100000000280000}V           S A
0514607    00060EUR2 7102113017906021225     LIBVIREMENT DE S A S TERRALANZO
0514607    00060EUR2 7102113017906021225     LIBVIREMENT DE S A S TERRALANZO NOV
0514607    00060EUR2 7102113017906021225     LIBVIR CALYPSO
0414607052300060EUR2E7102113017906021225  021225SEPA CYBER DB                    6554297100000000280000}V           S A
0514607    00060EUR2 7102113017906021225     LIBVIREMENT DE S A S TERRALANZO
0514607    00060EUR2 7102113017906021225     LIBVIREMENT DE S A S TERRALANZO NOV
0514607    00060EUR2 7102113017906021225     LIBVIR SAS ACSLR
0414607043600060EUR2E7102113017962021225  021225FR/VIR INTERNET                  6554294000000000000000R
0514607    00060EUR2 7102113017962021225     LIB    1 OPERATION
0414607043600060EUR2E7102113017962021225  021225FR/VIR INTERNET                  6554297000000000000000R
0514607    00060EUR2 7102113017962021225     LIB    1 OPERATION
0714607    00060EUR2 71021130179  021225                                                  0000000591505D
0110807    00455EUR2 62321074944  011225R&S GROUP                        CCE R&S GROUP    0000000070289L
0410807050500455EUR2E6232107494405021225  021225EUROVIREM. SEPA                  FERUPLG100000000000384{0000005850018783
0510807    00455EUR2 6232107494405021225     LIB0000005850018783296511251126
0510807    00455EUR2 6232107494405021225     LIBEVI MGEN
0510807    00455EUR2 6232107494405021225     MMOEUR2000000000038400000000000000
0510807    00455EUR2 6232107494405021225     NPYMGEN
0510807    00455EUR2 6232107494405021225     IPY0
0510807    00455EUR2 6232107494405021225     NBEPINO MARTINEZ KARINE
0510807    00455EUR2 6232107494405021225     LCC0000005850018783296511251126
0510807    00455EUR2 6232107494405021225     RCN0000005850018783296511251126
0410807050500455EUR2E6232107494405021225  021225EUROVIREM. SEPA                  FERVOPW100000000000475{0000005850018783
0510807    00455EUR2 6232107494405021225     LIB0000005850018783325830251201
0510807    00455EUR2 6232107494405021225     LIBEVI CPAM DE LA NIEVRE
0510807    00455EUR2 6232107494405021225     MMOEUR2000000000047500000000000000
0510807    00455EUR2 6232107494405021225     NPYCPAM DE LA NIEVRE
0510807    00455EUR2 6232107494405021225     IPY0
0510807    00455EUR2 6232107494405021225     NBEPINO MARTINEZ KARINE
0510807    00455EUR2 6232107494405021225     LCC0000005850018783325830251201
0510807    00455EUR2 6232107494405021225     RCN0000005850018783325830251201
0410807052400455EUR2E6232107494462021225  011225FRAIS DIVERS                     0054452000000000000187NXCASD060 2025120
0510807    00455EUR2 6232107494462021225     LIBXCASD060 2025120100054452000001
0510807    00455EUR2 6232107494462021225     LIBCONTRAT N       ASD6001472285
0510807    00455EUR2 6232107494462021225     LIBCOTIS FRUCTIFACILITE
0410807020600455EUR2E6232107494430021225  021225REMISE CB                        0005096100000000001578EBRUT      158 46
0510807    00455EUR2 6232107494430021225     LIBBRUT      158 46E - COM    0 61E
0510807    00455EUR2 6232107494430021225     LIB                - NB0005/174096
0510807    00455EUR2 6232107494430021225     LIBREMISE CB 5075358014
0410807020600455EUR2E6232107494430021225  021225REMISE CB                        0913102100000000001879FBRUT      188 68
0510807    00455EUR2 6232107494430021225     LIBBRUT      188 68E - COM    0 72E
0510807    00455EUR2 6232107494430021225     LIB                - NB0004/182102
0510807    00455EUR2 6232107494430021225     LIBREMISE CB 5075359011
0410807050500455EUR2E6232107494405021225  021225EUROVIREM. SEPA                  FGFE61D100000000000505{2025112800000058
0510807    00455EUR2 6232107494405021225     LIB2025112800000058500187 02211000
0510807    00455EUR2 6232107494405021225     LIBEVI CAISSE REGIONALE MSA
0510807    00455EUR2 6232107494405021225     MMOEUR2000000000050500000000000000
0510807    00455EUR2 6232107494405021225     NPYCAISSE REGIONALE MSA DE BOURGOGNE
0510807    00455EUR2 6232107494405021225     IPY77821246400029
0510807    00455EUR2 6232107494405021225     NBEPINO MARTINEZ KARINE
0510807    00455EUR2 6232107494405021225     LCC2025112800000058500187 02211000
0510807    00455EUR2 6232107494405021225     RCN2025112800000058500187 02211000
0710807    00455EUR2 62321074944  021225                                                  0000000065654P
0110807    00449EUR2 25019722433  011225LA PAUSE DETENTE                 COMPTE COURANT   0000000014285A
0410807052400449EUR2E2501972243362021225  011225FRAIS DIVERS                     0100516000000000000120}XCBVX660 2025120
0510807    00449EUR2 2501972243362021225     LIBXCBVX660 2025120100100516000001
0510807    00449EUR2 2501972243362021225     LIBHABILITATION N  29133394
0510807    00449EUR2 2501972243362021225     LIBCOTIS CYBERPLUS
0410807053700449EUR2E2501972243308021225  021225EUROPRELEVEMENT                  016W5KA100000000000239R1046538811443/PA
0510807    00449EUR2 2501972243308021225     LIB1046538811443/PAYPAL
0510807    00449EUR2 2501972243308021225     LIB5PXJ2259N5974
0510807    00449EUR2 2501972243308021225     LIBPRLV SEPA PAYPAL EUROPE
0710807    00449EUR2 25019722433  021225                                                  0000000013925B
0110807    00449EUR2 72321610536  011225L'EPICURIEN                      COMPTE COURANT   0000000058641I
0710807    00449EUR2 72321610536  021225                                                  0000000058641I
0113507    00161EUR2 32251542512  011225CSE STOKOMANI OEUVRES SOCIALES   COMPTE COURANT   0000000158393H
0413507022100161EUR2E3225154251207021225  011225LCR DOMICILIEE                   0362067100000000004032}
0513507    00161EUR2 3225154251207021225     LIBLCR S A S MARCOVA   3011
0413507049900161EUR2E3225154251262021225  011225LOC MATERIEL CB                  5454303000000000000270}MOIS DE NOVEMBRE
0513507    00161EUR2 3225154251262021225     LIBMOIS DE NOVEMBRE 2025
0513507    00161EUR2 3225154251262021225     LIBHT      22 50/TVA20 00      4 50
0513507    00161EUR2 3225154251262021225     LIBFRAIS LOC TPE IP
0413507021400161EUR2E3225154251211021225  021225FACTURE CB                       FGUASO0100000000000069RMOLOTOV        F
0513507    00161EUR2 3225154251211021225     LIBMOLOTOV        FR PARIS
0513507    00161EUR2 3225154251211021225     LIB6 99EUR 1 EURO   1 000000
0513507    00161EUR2 3225154251211021225     LIB011225 CB****7165
0413507021400161EUR2E3225154251211021225  021225FACTURE CB                       FGUASO1100000000000300}INTERMARCHE MAGF
0513507    00161EUR2 3225154251211021225     LIBINTERMARCHE MAGFR ECAILLON
0513507    00161EUR2 3225154251211021225     LIB30 00EUR 1 EURO   1 000000
0513507    00161EUR2 3225154251211021225     LIB011225 CB****7165
0413507076500161EUR2E3225154251204021225  021225VERST RAPIDE                     6385192100000000012000{
0713507    00161EUR2 32251542512  021225                                                  0000000165721I
0110807    00457EUR2 02321140195  011225SCI GHTE22600                                     0000000045601F
0410807059300457EUR2E0232114019505021225  021225VIR INST                         W6VL5EJ100000000001500{P    SCI VAILLAN
0510807    00457EUR2 0232114019505021225     LIBPOUR SCI VAILLANT
0510807    00457EUR2 0232114019505021225     LIBLOYER DEC 2025
0510807    00457EUR2 0232114019505021225     LIBVIR INST SAS   AB GROUPE
0410807059300457EUR2E0232114019505021225  021225VIR INST                         W6VTHKJ100000000005900{VIREMENT DE MLLE
0510807    00457EUR2 0232114019505021225     LIBVIREMENT DE MLLE THIRIOT OCEANE
0510807    00457EUR2 0232114019505021225     LIBVIREMENT DE MLLE THIRIOT OCEANE
0510807    00457EUR2 0232114019505021225     LIBVIR INST MLLE THIRIOT OC
0710807    00457EUR2 02321140195  021225                                                  0000000053001F
0117807    00803EUR2 05421129155  011225SC AJC CONSEILS                  COMPTE COURANT   0000000018012A
0717807    00803EUR2 05421129155  021225                                                  0000000018012A
0116807    00386EUR2 42821066881  011225AUTO MOTO ECOLE TINQUEUX         COMPTE COURANT   0000000000296}
0716807    00386EUR2 42821066881  021225                                                  0000000000296}