0130004    00777EUR2 00000192376  271125SCI FABRICE                      COMPTE COURANT   0000000039815G
0730004    00777EUR2 00000192376  281125                                                  0000000039815G
0130004    00969EUR2 00010119059  271125STOORM                           CCE STOORM       0000001005920{
0430004009900969EUR2 0001011905930271125  2811252711 N.46209 DE 75PARIS 5        246209   0000000001064{   N.COM.4512923
0530004    00969EUR2 0001011905930271125     LIB2711 N.46209 DE 75PARIS 5 N.COM.4512923011
0430004009900969EUR2 0001011905930271125  2811252711 N.44388 DE 75PARIS 5        144388   0000000019602{   N.COM.4669517
0530004    00969EUR2 0001011905930271125     LIB2711 N.44388 DE 75PARIS 5 N.COM.4669517011
0430004000400969EUR2 0001011905904281125  191125AGENCE 00969 ANNONCE   25 00 EU  0000000  0000000000222IR DIFFERENCE   -
0530004    00969EUR2 0001011905904281125     LIB 2 71 EUR
0430004009900969EUR2 0001011905930281125  2811252811 N.87860 DE 75PARIS 05       187860   0000000004924E   N.COM.4118705
0530004    00969EUR2 0001011905930281125     LIB2811 N.87860 DE 75PARIS 05 N.COM.4118705012
0430004052900969EUR2 0001011905921281125  281125REMISE 0000009VIRTS REF IRE NOV  IRE NOV0 0000000190302RREGLT 01122025
0530004    00969EUR2 0001011905921281125     REFSALAIRE NOV
0730004    00969EUR2 00010119059  281125                                                  0000000841430E
0130003    01553EUR2 00020046274  271125SNC LEITE 95                     SNC LEITE 95     0000000020057H
0730003    01553EUR2 00020046274  281125                                                  0000000020057H
0130004    00079EUR2 00010428299  271125AGENCE LOCALE D               ALEC SUD PARISIENNE 0000000487631F
0430004001200079EUR2 0001042829962281125  281125SUR REMISE C.B. DU 2811 N.73130  00000001 0000000000004M N.COM.428761101
0530004    00079EUR2 0001042829962281125     LIB1
0430004001200079EUR2 0001042829962281125  281125SUR REMISE C.B. DU 2811 N.63274  00000001 0000000000056K N.COM.428761101
0530004    00079EUR2 0001042829962281125     LIB1
0430004009900079EUR2 0001042829930281125  2811252811 N.73130 DE 77FONTAINEBLEAU  173130   0000000000931C   N.COM.4287611
0530004    00079EUR2 0001042829930281125     LIB N.COM.4287611011
0430004009900079EUR2 0001042829930281125  2811252811 N.63274 DE 77FONTAINEBLEAU  163274   0000000012473C   N.COM.4287611
0530004    00079EUR2 0001042829930281125     LIB N.COM.4287611011
0730004    00079EUR2 00010428299  281125                                                  0000000500975F
0130003    01553EUR2 00020063825  271125SULINSKI DELPHINE                COMPTE COURANT   0000000462779F
0430003432001553EUR2 00020063825B128112500281125PRELEVEMENT EGARANCE             95800090 0000000000181P5709580009
0530003    01553EUR2 00020063825B1281125     NBEGARANCE
0530003    01553EUR2 00020063825B1281125     IBEFR75ZZZ508977
0530003    01553EUR2 00020063825B1281125     RCN396605
0530003    01553EUR2 00020063825B1281125     RUMMNRA-340151245L-20140220
0730003    01553EUR2 00020063825  281125                                                  0000000462597I
0130004    00777EUR2 00010017648  271125NEXTTICK                         COMPTE COURANT   0000000127772G
0730004    00777EUR2 00010017648  281125                                                  0000000127772G
0130002    01140EUR2 0000072L002  271125DSCM                             COMPTE COURANT   0000000025932A
0430002111701140EUR2E0000072L0023028112500281125REMISE CB NO 365974 DU 281125    0365974000000000007237E3902520493004365
0430002111201140EUR2E0000072L0021828112500281125VIR SEPA PLUXEE FRANCE           0000000000000000000571{2015215500000000
0530002    01140EUR2 0000072L00218281125     NPYPLUXEE FRANCE
0530002    01140EUR2 0000072L00218281125     RCNSOD-TRD-364886-23112025
0430002111701140EUR2E0000072L0023028112500281125REMISE CB NO 365946 DU 281125    0365946000000000000200{3902520493004365
0430002607001140EUR2E0000072L0026228112500281125COMMISSIONS SUR REMISE CB        0365974100000000000043L3922520493004365
0530002    01140EUR2 0000072L00262281125     LIBNO 365974 DU 281125            99
0430002607001140EUR2E0000072L0026228112500281125COMMISSIONS SUR REMISE CB        0365946100000000000001}3922520493004365
0530002    01140EUR2 0000072L00262281125     LIBNO 365946 DU 281125            99
0730002    01140EUR2 0000072L002  281125                                                  0000000033896C
0130003    01315EUR2 00020235828  271125PREVENTECH                       COMPTE COURANT   0000000388183D
0730003    01315EUR2 00020235828  281125                                                  0000000388183D
0130003    01553EUR2 00020052464  271125LA PAUSE DETENTE                 COMPTE COURANT   0000000084827B
0730003    01553EUR2 00020052464  281125                                                  0000000084827B