0116958    00001EUR2 81164564927  291125SCP MBA                          COMPTE COURANT   0000000177186C
0416958    00001EUR2 8116456492711301125  301125LA DOLCE VITA                             0000000000830}
0516958    00001EUR2 8116456492711301125     LIBCARTE ***0561
0416958    00001EUR2 8116456492762011225  011225QONTO                                     0000000000096}
0516958    00001EUR2 8116456492762011225     LIBPHYSICAL CARD PLUS
0416958    00001EUR2 8116456492762011225  011225QONTO                                     0000000000132}
0516958    00001EUR2 8116456492762011225     LIBSOLO BASIC 2024 12
0416958    00001EUR2 8116456492706011225  011225MR ET MME AZAOUM                          0000000005000}
0516958    00001EUR2 8116456492706011225     LIBLOYER DECEMBRE 2025
0416958    00001EUR2 8116456492706011225  011225MR ET MME AZAOUM                          0000000010000}
0516958    00001EUR2 8116456492706011225     LIBSALAIRE NOVEMBRE 2025
0416958    00001EUR2 81164564927A1011225  011225REXEL FRANCE SAS                          0000000008297P
0516958    00001EUR2 81164564927A1011225     LIB996363184 996363185 996363183 996363182
0716958    00001EUR2 81164564927  011225                                                  0000000152830F
0116958    00001EUR2 08601017196  291125** PAS DE MOUVEMENT CE JOUR **                    0000000176979A
0416958    00001EUR2 0860101719606301125  301125ALI YAHYAOUI                              0000000013058K
0516958    00001EUR2 0860101719606301125     LIBNDF 11-25
0416958    00001EUR2 0860101719605011225  011225M JOEL RELMY                              0000000002400{
0516958    00001EUR2 0860101719605011225     LIBFA25-1449 - 25AY1608
0416958    00001EUR2 0860101719605011225  011225MIRCEA CURIBAN                            0000000001190{
0516958    00001EUR2 0860101719605011225     LIBVIREMENT
0716958    00001EUR2 08601017196  011225                                                  0000000167510I
0116958    00001EUR2 68105904277  291125LA FERME                         COMPTE COURANT   0000000059358G
0416958    00001EUR2 6810590427705301125  301125SANNIER LEA (EI)                          0000000001026{
0516958    00001EUR2 6810590427705301125     LIBVIR DE SANNIER LEA (EI)
0416958    00001EUR2 6810590427705301125  301125M. SILVESTRELLI MATTHIAS CASTEL           0000000001722{
0516958    00001EUR2 6810590427705301125     LIB20190038366
0516958    00001EUR2 6810590427705301125     LANE MACONNERIE
0416958    00001EUR2 6810590427705301125  301125BRICOFLEX                                 0000000001266{
0516958    00001EUR2 6810590427705301125     LIBFACTURE 20190039140
0416958    00001EUR2 6810590427705301125  301125MEDITERRANEE MACHINERIE                   0000000001140{
0516958    00001EUR2 6810590427705301125     LIBFACTURE 20190038663
0416958    00001EUR2 6810590427705011225  011225ENTREPRISE B.R.P                          0000000002004{
0516958    00001EUR2 6810590427705011225     LIBFACTURE
0416958    00001EUR2 6810590427705011225  011225ENTREPRISE TRIVERIO                       0000000002940{
0516958    00001EUR2 6810590427705011225     LIBTRIVERIO
0416958    00001EUR2 6810590427705011225  011225EI -  M MATTHIEU VALLEE                   0000000000936{
0516958    00001EUR2 6810590427705011225     LIBACEA
0416958    00001EUR2 6810590427705011225  011225MLE      MAILLE DANIELLE                  0000000000900{
0516958    00001EUR2 6810590427705011225     LIBFACTURE 20190038497
0416958    00001EUR2 6810590427705011225  011225HEMERY JOHNNY (EI)                        0000000000960{
0516958    00001EUR2 6810590427705011225     LIBFACTURE 20190038272
0416958    00001EUR2 6810590427705011225  011225CATCH                                     0000000003776B
0516958    00001EUR2 6810590427705011225     LIBREVERSEMENT CATCH F11932
0416958    00001EUR2 6810590427705011225  011225PIQUES AGENCEMENT                         0000000000993F
0516958    00001EUR2 6810590427705011225     LIBFA 20190038881
0416958    00001EUR2 6810590427706011225  011225PEPS DIFFUSION SARL                       0000000045922Q
0516958    00001EUR2 6810590427706011225     LIBSOLDE FACTURE 174
0416958    00001EUR2 6810590427706011225  011225PEPS DIFFUSION SARL                       0000000015000}
0516958    00001EUR2 6810590427706011225     LIBACOMPTE SUR FACTURE 176
0416958    00001EUR2 6810590427762011225  011225QONTO                                     0000000001428}
0516958    00001EUR2 6810590427762011225     LIBTEAM BUSINESS 2024 12
0416958    00001EUR2 6810590427705011225  011225SAS   NET                                 0000000001032{
0516958    00001EUR2 6810590427705011225     LIBREGLEMENT FACTURE N  20190039190
0416958    00001EUR2 6810590427705011225  011225SAS   IBAT ENERGY                         0000000000993F
0516958    00001EUR2 6810590427705011225     LIBFACTURE N 20190037784 DU 27/06/2025
0416958    00001EUR2 6810590427705011225  011225CHKAF AZIZ                                0000000000960{
0516958    00001EUR2 6810590427705011225     LIBSAS CHKAF AZIZ                     FACT 20190039385 DU 07/11/2025
0416958    00001EUR2 6810590427705011225  011225SCV   LES CELLIERS D ORFEE                0000000003396{
0516958    00001EUR2 6810590427705011225     LIB20190039088                        ORFEE
0416958    00001EUR2 6810590427705011225  011225MELLAOUI ILHAM (EI)                       0000000001860{
0516958    00001EUR2 6810590427705011225     LIBVIR DE MELLAOUI ILHAM (EI)
0416958    00001EUR2 6810590427705011225  011225DS COUV                                   0000000004560{
0516958    00001EUR2 6810590427705011225     LIBFA 20190039105 DS COUV
0716958    00001EUR2 68105904277  011225                                                  0000000027473C
0116958    00001EUR2 17566082648  281125PLOMBERIE PLISSON                COMPTE COURANT   0000000236862E
0416958    00001EUR2 1756608264811301125  301125TEMPS D UN SOURIRE                        0000000000172}
0516958    00001EUR2 1756608264811301125     LIBCARTE ***6157
0416958    00001EUR2 17566082648A1011225  011225CEGELEASE                                 0000000001200}
0516958    00001EUR2 17566082648A1011225     LIB27459073 62426260 8733225
0416958    00001EUR2 1756608264805011225  011225CPAM DES FLANDRES  CFCM                   0000000008721A
0516958    00001EUR2 1756608264805011225     LIB0000005960384553314221251128
0416958    00001EUR2 1756608264805011225  011225MNT SANTE PRESTATION RC BRED              0000000000035C
0516958    00001EUR2 1756608264805011225     LIB0152391663 PRESTATIONS SANTE   596038455
0716958    00001EUR2 17566082648  011225                                                  0000000244246I
0116958    00001EUR2 62264065865  291125SCI DE L'ATELIER                 COMPTE COURANT   0000000001747D
0416958    00001EUR2 6226406586511301125  301125AUCHAN LOUVROIL                           0000000000163J
0516958    00001EUR2 6226406586511301125     LIBCARTE ***8676
0416958    00001EUR2 6226406586511301125  301125RAMHORECA SPRL                            0000000000993Q
0516958    00001EUR2 6226406586511301125     LIBCARTE ***8676
0416958    00001EUR2 6226406586505011225  011225EDENRED FRANCE                            0000000000202C
0516958    00001EUR2 6226406586505011225     LIBERF-TRD-1108732-25112025-1
0416958    00001EUR2 6226406586562011225  011225QONTO                                     0000000000240}
0516958    00001EUR2 6226406586562011225     LIBPHYSICAL CARD METAL
0416958    00001EUR2 6226406586505011225  011225SMILE   PAY                               0000000009438F
0516958    00001EUR2 6226406586505011225     LIBVIREMENT SMILE AND PAY
0416958    00001EUR2 62264065865A1011225  011225METRO FRANCE S.A.S.-METRO FRANC           0000000001466N
0516958    00001EUR2 62264065865A1011225     E
0516958    00001EUR2 62264065865A1011225     LIB/INV/0054.009783
0716958    00001EUR2 62264065865  011225                                                  0000000008524I
0116958    00001EUR2 94841348425  281125LA FERME                         COMPTE COURANT   0000000385945A
0416958    00001EUR2 9484134842511301125  301125METRO                                     0000000001710R
0516958    00001EUR2 9484134842511301125     LIBCARTE ***8687
0416958    00001EUR2 9484134842506011225  011225SEBASTIEN QUIGNOT CM                      0000000005600}
0516958    00001EUR2 9484134842506011225     LIBLOYER BB
0416958    00001EUR2 9484134842511011225  011225SARL BAMAS                                0000000000774P
0516958    00001EUR2 9484134842511011225     LIBCARTE ***8687
0416958    00001EUR2 9484134842511011225  011225FRERES ARTISANS                           0000000000142}
0516958    00001EUR2 9484134842511011225     LIBCARTE ***8687
0416958    00001EUR2 9484134842506011225  011225JULIA BOURSO                              0000000010387O
0516958    00001EUR2 9484134842506011225     LIBPAIE BB 24
0416958    00001EUR2 9484134842511011225  011225AMZN MKTP FR*ZX49K3NW4                    0000000000199R
0516958    00001EUR2 9484134842511011225     LIBCARTE ***8687
0416958    00001EUR2 9484134842506011225  011225SEBASTIEN QUIGNOT SALAIRE                 0000000013172N
0516958    00001EUR2 9484134842506011225     LIBSALAIRE SEBASTIEN QUIGNOT
0416958    00001EUR2 94841348425C3011225  011225PAIEMENTS FACTURES                        0000000016870{
0516958    00001EUR2 94841348425C3011225     LIBPAIEMENTS-EN-PERSONNE-01-12-2025
0416958    00001EUR2 9484134842562011225  011225QONTO                                     0000000000173Q
0516958    00001EUR2 9484134842562011225     LIBCARD ACQUIRER PAYOUT
0716958    00001EUR2 94841348425  011225                                                  0000000370653G
0116958    00001EUR2 64908525619  051125BERGUERIE PHILIPPE                                0000000007446A
0416958    00001EUR2 6490852561962011225  011225QONTO                                     0000000000276}
0516958    00001EUR2 6490852561962011225     LIBSOLO SMART 2024 12
0716958    00001EUR2 64908525619  011225                                                  0000000007170A
0116958    00001EUR2 70066250365  291125ARCI BOETIE                      COMPTE COURANT   0000000141815A
0416958    00001EUR2 7006625036511011225  011225FAMILY PIZZA                              0000000003900}
0516958    00001EUR2 7006625036511011225     LIBCARTE ***0489
0416958    00001EUR2 7006625036506011225  011225BAUGE LEA                                 0000000000276M
0516958    00001EUR2 7006625036506011225     LIBREMBOURSEMENT FOURNITURES N2
0416958    00001EUR2 7006625036506011225  011225ROYAL DRIVE                               0000000043100}
0516958    00001EUR2 7006625036506011225     LIBFACTURE 1125/16
0416958    00001EUR2 7006625036506011225  011225ROYAL DRIVE                               0000000046150}
0516958    00001EUR2 7006625036506011225     LIBFACTURE 1125/17
0416958    00001EUR2 7006625036506011225  011225ROYAL DRIVE                               0000000041500}
0516958    00001EUR2 7006625036506011225     LIBFACTURE 1125/18
0416958    00001EUR2 7006625036562011225  011225QONTO                                     0000000000120}
0516958    00001EUR2 7006625036562011225     LIBPHYSICAL CARD
0416958    00001EUR2 7006625036505011225  011225S.A.S.   SJ TYLER                         0000000148650{
0516958    00001EUR2 7006625036505011225     LIBMECENAT 25 26
0716958    00001EUR2 70066250365  011225                                                  0000000155418G