0110278    37531EUR2 00012903099  011225AU COEUR DES BEBES MAISON MEDICA COMPTE COURANT   0000000018957C021225021225
0710278    37531EUR2 00012903099  021225                                                  0000000018957C
0110278    37531EUR2 00012902099  011225AGP RENOVATION                   COMPTE COURANT   0000005608357G021225021225
0410278038137531EUR2 0001290209928011225  011225PAIEMENT CB  2811 MEULAN         0000000000000000001599L
0510278    37531EUR2 0001290209928011225     LIBAMITIES MAISON   CARTE 2742
0410278038137531EUR2 0001290209928011225  011225PAIEMENT CB  2911 CORK           0000000000000000000029R
0510278    37531EUR2 0001290209928011225     LIBAPPLE.COM/BILL   CARTE 1434
0410278916237531EUR2 00012902099B1021225  021225PRLV SEPA LEASYS FRANCE          0000000000000000009250N
0510278    37531EUR2 00012902099B1021225     RIBFR7630066109260002006590120          CMCIFRPPCOR
0510278    37531EUR2 00012902099B1021225     NOMLEASYS FRANCE                      VERNIS PLUS
0510278    37531EUR2 00012902099B1021225     NBELEASYS FRANCE
0510278    37531EUR2 00012902099B1021225     IBEFR75FAL522557
0510278    37531EUR2 00012902099B1021225     NPYVERNIS PLUS
0510278    37531EUR2 00012902099B1021225     LCCLEASYS FRANCE
0510278    37531EUR2 00012902099B1021225     RCNPO1121518791
0510278    37531EUR2 00012902099B1021225     REF05-1121518791
0510278    37531EUR2 00012902099B1021225     RUM20235251010161185915928-5012316850
0510278    37531EUR2 00012902099B1021225     CPYFR7610278375310001290990257
0410278930537531EUR2 0001290209918021225  021225VIR ASIC INDUSTRIES              0000000 00000000013514D
0510278    37531EUR2 0001290209918021225     LIB10278-20-25336070281547
0510278    37531EUR2 0001290209918021225     NOMASIC INDUSTRIES                    VERNIS PLUS
0510278    37531EUR2 0001290209918021225     NBEVERNIS PLUS
0510278    37531EUR2 0001290209918021225     NPYASIC INDUSTRIES
0510278    37531EUR2 0001290209918021225     LCCVERNIS PLUS FAC 6047
0510278    37531EUR2 0001290209918021225     RCN10278-20-25336070281547
0510278    37531EUR2 0001290209918021225     CBEFR7610278375310001290990257
0410278930537531EUR2 0001290209918021225  021225VIR SYSTEME                      0000000 00000000009420{
0510278    37531EUR2 0001290209918021225     LIBZZ1JI23L029EBHDTY
0510278    37531EUR2 0001290209918021225     NOMSYSTEME                            VERNIS PLUS
0510278    37531EUR2 0001290209918021225     NBEVERNIS PLUS
0510278    37531EUR2 0001290209918021225     NPYSYSTEME
0510278    37531EUR2 0001290209918021225     LCCFC 6135
0510278    37531EUR2 0001290209918021225     RCNZZ1JI23L029EBHDTY
0510278    37531EUR2 0001290209918021225     CBEFR7610278375310001290990257
0410278930537531EUR2 0001290209918021225  021225VIR SIPANO                       0000000 00000000002628{
0510278    37531EUR2 0001290209918021225     LIBVERNI
0510278    37531EUR2 0001290209918021225     NOMSIPANO                             VERNIS PLUS NOUVEAU
0510278    37531EUR2 0001290209918021225     NBEVERNIS PLUS NOUVEAU
0510278    37531EUR2 0001290209918021225     NPYSIPANO
0510278    37531EUR2 0001290209918021225     LCCIOBAT
0510278    37531EUR2 0001290209918021225     RCNVERNI
0510278    37531EUR2 0001290209918021225     CBEFR7610278375310001290990257
0410278930537531EUR2 0001290209918021225  021225VIR SOCIETE FRANCOIS DEVINEA     0000000 00000000003595I
0510278    37531EUR2 0001290209918021225     LIBDE7420
0510278    37531EUR2 0001290209918021225     NOMSOCIETE FRANCOIS DEVINEAU          VERNIS PLUS
0510278    37531EUR2 0001290209918021225     NBEVERNIS PLUS
0510278    37531EUR2 0001290209918021225     NPYSOCIETE FRANCOIS DEVINEAU
0510278    37531EUR2 0001290209918021225     LCCDE7420
0510278    37531EUR2 0001290209918021225     RCNDE7420
0510278    37531EUR2 0001290209918021225     REFT253350012094306
0510278    37531EUR2 0001290209918021225     CBEFR7610278375310001290990257
0410278930537531EUR2 0001290209918021225  021225VIR FORMES ET SCULPTURES IND     0000000 00000000389052F
0510278    37531EUR2 0001290209918021225     LIBFC5627
0510278    37531EUR2 0001290209918021225     NOMFORMES ET SCULPTURES INDUSTRIE     VERNIS
0510278    37531EUR2 0001290209918021225     NBEVERNIS
0510278    37531EUR2 0001290209918021225     NPYFORMES ET SCULPTURES INDUSTRIE
0510278    37531EUR2 0001290209918021225     LCCVERNIS  -2012
0510278    37531EUR2 0001290209918021225     RCNFC5627
0510278    37531EUR2 0001290209918021225     CBEFR7610278375310001290990257
0410278930537531EUR2 0001290209918021225  021225VIR FONDATION DE COUBERTIN       0000000 00000000005932D
0510278    37531EUR2 0001290209918021225     LIBFC5690
0510278    37531EUR2 0001290209918021225     NOMFONDATION DE COUBERTIN             VERNIS
0510278    37531EUR2 0001290209918021225     NBEVERNIS
0510278    37531EUR2 0001290209918021225     NPYFONDATION DE COUBERTIN
0510278    37531EUR2 0001290209918021225     LCCVERNIS   FC5690
0510278    37531EUR2 0001290209918021225     RCNFC5690
0510278    37531EUR2 0001290209918021225     REFFC5690
0510278    37531EUR2 0001290209918021225     CBEFR7610278375310001290990257
0410278930537531EUR2 0001290209918021225  021225VIR MISE EN OEUVRE               0000000 00000000160193{
0510278    37531EUR2 0001290209918021225     LIBFC5626
0510278    37531EUR2 0001290209918021225     NOMMISE EN OEUVRE                     VERNIS     / 45 JFM
0510278    37531EUR2 0001290209918021225     NBEVERNIS     / 45 JFM
0510278    37531EUR2 0001290209918021225     NPYMISE EN OEUVRE
0510278    37531EUR2 0001290209918021225     LCCFACT VERNIS     / 45 JFM
0510278    37531EUR2 0001290209918021225     RCNFC5626
0510278    37531EUR2 0001290209918021225     REFSTOCK
0510278    37531EUR2 0001290209918021225     CBEFR7610278375310001290990257
0410278930537531EUR2 0001290209918021225  021225VIR ATELIERS ARTIGO              0000000 00000000088609A
0510278    37531EUR2 0001290209918021225     LIBFC5311
0510278    37531EUR2 0001290209918021225     NOMATELIERS ARTIGO                    VERNIS PLUS
0510278    37531EUR2 0001290209918021225     NBEVERNIS PLUS
0510278    37531EUR2 0001290209918021225     NPYATELIERS ARTIGO
0510278    37531EUR2 0001290209918021225     LCCFACT VERNIS PLUS
0510278    37531EUR2 0001290209918021225     RCNFC5311
0510278    37531EUR2 0001290209918021225     REFFOUR ATELIER
0510278    37531EUR2 0001290209918021225     CBEFR7610278375310001290990257
0410278930537531EUR2 0001290209918021225  021225VIR LPO ADRIENNE BOLLAND         0000000 00000000008683B
0510278    37531EUR2 0001290209918021225     LIB1D0780000-GFC25-0781983G-018-00
0510278    37531EUR2 0001290209918021225     LIBE ADRIENNE BOLLAND        -0781983G
0510278    37531EUR2 0001290209918021225     NOMLPO ADRIENNE BOLLAND               VERNIS PLUS
0510278    37531EUR2 0001290209918021225     NBEVERNIS PLUS
0510278    37531EUR2 0001290209918021225     NPYLPO ADRIENNE BOLLAND
0510278    37531EUR2 0001290209918021225     NPO0781983G-LYCEE ADRIENNE BOLLAND
0510278    37531EUR2 0001290209918021225     NBUVERNIS PLUS
0510278    37531EUR2 0001290209918021225     LCCFC5863 DU 06/11/25            -LYCEE ADRIENNE BOLLAND        -0781983G
0510278    37531EUR2 0001290209918021225     RCN1D0780000-GFC25-0781983G-018-0053
0510278    37531EUR2 0001290209918021225     CBEFR7610278375310001290990257
0410278907837531EUR2 00012902099C2021225  021225VIR INST ELEGANCE PEINTURE SERV  0000000 00000000035710C
0510278    37531EUR2 00012902099C2021225     LIBFC5666 CLIENT 1777
0510278    37531EUR2 00012902099C2021225     NOMELEGANCE PEINTURE SERVICE          VERNIS
0510278    37531EUR2 00012902099C2021225     NBEVERNIS
0510278    37531EUR2 00012902099C2021225     NPYELEGANCE PEINTURE SERVICE
0510278    37531EUR2 00012902099C2021225     LCCFC5666 CLIENT 1777
0510278    37531EUR2 00012902099C2021225     RCNFC5666 CLIENT 1777
0410278900237531EUR2 0001290209906021225  021225VIR FRAIS PIERRE COZIEN          0000000000000000001991K
0410278900237531EUR2 0001290209906021225  021225VIR FRAIS PINTO                  0000000000000000001599L
0410278900237531EUR2 0001290209906021225  021225VIR RBT FC5693 RENAISSANCE       0000000000000000009714K
0410278900237531EUR2 0001290209906021225  021225VIR FRAIS PASCAL NOVEMBRE        0000000000000000004634J
0410278900237531EUR2 0001290209906021225  021225VIR 629853-2.5  MIRKA            0000000000000000003836R
0410278900237531EUR2 0001290209906021225  021225VIR 629854-2.5  MIRKA            0000000000000000004515K
0410278900237531EUR2 0001290209906021225  021225VIR 629855-2.5  MIRKA            0000000000000000003620M
0410278900237531EUR2 0001290209906021225  021225VIR 630153-2.5  MRIKA            0000000000000000004053L
0410278900237531EUR2 0001290209906021225  021225VIR 630154-2.5  MIRKA            0000000000000000003591K
0410278900237531EUR2 0001290209906021225  021225VIR 630155-2.5  MIRKA            0000000000000000003649M
0410278900237531EUR2 0001290209906021225  021225VIR 630162-2.5  MIRKA            0000000000000000003591K
0410278900237531EUR2 0001290209906021225  021225VIR 630163-2.5  MIRKA            0000000000000000003649M
0410278930537531EUR2 0001290209918021225  021225VIR L USINE                      0000000 00000000011127{
0510278    37531EUR2 0001290209918021225     LIB25110006
0510278    37531EUR2 0001290209918021225     NOML USINE                            VERNIS
0510278    37531EUR2 0001290209918021225     NBEVERNIS
0510278    37531EUR2 0001290209918021225     NPYL USINE
0510278    37531EUR2 0001290209918021225     LCCFACTURE FC5716 DU 31/10/2025
0510278    37531EUR2 0001290209918021225     RCN25110006
0510278    37531EUR2 0001290209918021225     REF2025-12-01-09.55.58.540193
0510278    37531EUR2 0001290209918021225     CBEFR7610278375310001290990257
0410278900237531EUR2 0001290209906021225  021225VIR 630164-2.5  MIRKA            0000000000000000002965L
0410278900237531EUR2 0001290209906021225  021225VIR 630281-2.5  MIRKA            0000000000000000000684M
0410278900237531EUR2 0001290209906021225  021225VIR 630156-2.5  MIRKA            0000000000000000005971L
0410278900237531EUR2 0001290209906021225  021225VIR 630157-2.5  MIRKA            0000000000000000005971L
0410278900237531EUR2 0001290209906021225  021225VIR 630158-2.5  MIRKA            0000000000000000006717Q
0410278900237531EUR2 0001290209906021225  021225VIR 630159-2.5  MIRKA            0000000000000000003938J
0410278900237531EUR2 0001290209906021225  021225VIR 630160-2.5  MIRKA            0000000000000000003591K
0410278900237531EUR2 0001290209906021225  021225VIR 630161-2.5  MIRKA            0000000000000000003591K
0410278900237531EUR2 0001290209906021225  021225VIR VIREMENT MME GUESDON         0000000000000000000150}
0410278907837531EUR2 00012902099C2021225  021225VIR INST ALPHA K ET D            0000000 00000000037836{
0510278    37531EUR2 00012902099C2021225     LIBFA 5675
0510278    37531EUR2 00012902099C2021225     NOMALPHA K ET D                       VERNIS PLUS
0510278    37531EUR2 00012902099C2021225     NBEVERNIS PLUS
0510278    37531EUR2 00012902099C2021225     NPYALPHA K ET D
0510278    37531EUR2 00012902099C2021225     LCCFA 5675
0510278    37531EUR2 00012902099C2021225     RCNNOTPROVIDED
0410278930537531EUR2 0001290209918021225  021225VIR SARL  AGENCER ET EXPOSER     0000000 00000000002581A
0510278    37531EUR2 0001290209918021225     LIBVIREMENT DE SARL AGENCER ET EXP
0510278    37531EUR2 0001290209918021225     NOMSARL  AGENCER ET EXPOSER           VERNIS PLUS
0510278    37531EUR2 0001290209918021225     NBEVERNIS PLUS
0510278    37531EUR2 0001290209918021225     NPYSARL  AGENCER ET EXPOSER
0510278    37531EUR2 0001290209918021225     LCCFC6132
0510278    37531EUR2 0001290209918021225     RCNVIREMENT DE SARL AGENCER ET EXPOSER
0510278    37531EUR2 0001290209918021225     REFT253360004604085
0510278    37531EUR2 0001290209918021225     CBEFR7610278375310001290990257
0410278907837531EUR2 00012902099C2021225  021225VIR INST M. MARCEAU PLATEL       0000000 00000000001662H
0510278    37531EUR2 00012902099C2021225     LIBCOMMANDE DE 7434
0510278    37531EUR2 00012902099C2021225     NOMM. MARCEAU PLATEL                  VERNIS
0510278    37531EUR2 00012902099C2021225     NBEVERNIS
0510278    37531EUR2 00012902099C2021225     NPYM. MARCEAU PLATEL
0510278    37531EUR2 00012902099C2021225     LCCCOMMANDE DE 7434
0510278    37531EUR2 00012902099C2021225     RCNCLIENT 2146
0410278930537531EUR2 0001290209918021225  021225VIR ARCA SARL                    0000000 00000000003665I
0510278    37531EUR2 0001290209918021225     LIB10278-20-25336810026299
0510278    37531EUR2 0001290209918021225     NOMARCA SARL                          VERNIS PLUS
0510278    37531EUR2 0001290209918021225     NBEVERNIS PLUS
0510278    37531EUR2 0001290209918021225     NPYARCA SARL
0510278    37531EUR2 0001290209918021225     LCCFC6110
0510278    37531EUR2 0001290209918021225     RCN10278-20-25336810026299
0510278    37531EUR2 0001290209918021225     REF2025-12-02-12.01.40.716400
0510278    37531EUR2 0001290209918021225     CBEFR7610278375310001290990257
0410278038137531EUR2 0001290209928021225  021225PAIEMENT CB  0112 MAGNY EN VEXI  0000000000000000001196}
0510278    37531EUR2 0001290209928021225     LIBSODIMAGG         CARTE 1434
0410278038137531EUR2 0001290209928021225  021225PAIEMENT PSC 0112 MAGNY EN VEX   0000000000000000000182P
0510278    37531EUR2 0001290209928021225     LIBSODIMAGG         CARTE 1434
0410278038137531EUR2 0001290209928021225  021225PAIEMENT CB  0112 PARIS          0000000000000000002629K
0510278    37531EUR2 0001290209928021225     LIBGOOGLE GSUITE VE CARTE 1434
0410278900637531EUR2 0001290209918021225  021225SARL MIREK FA 6108               0000000 00000000008080C
0510278    37531EUR2 0001290209918021225     LIBVH53362J1DELCA01
0510278    37531EUR2 0001290209918021225     NOMMIREK
0510278    37531EUR2 0001290209918021225     NPYMIREK
0510278    37531EUR2 0001290209918021225     LCCSARL MIREK FA 6108
0510278    37531EUR2 0001290209918021225     RCNVH53362J1DELCA01
0410278900637531EUR2 0001290209918021225  021225VIR TPMENUISERIE 1852            0000000 00000000008076F
0510278    37531EUR2 0001290209918021225     LIBVH53361RL0JJB701
0510278    37531EUR2 0001290209918021225     NOMTP MENUISERIE
0510278    37531EUR2 0001290209918021225     NPYTP MENUISERIE
0510278    37531EUR2 0001290209918021225     LCCVIR TPMENUISERIE 1852
0510278    37531EUR2 0001290209918021225     RCN1852/FC6065
0410278900637531EUR2 0001290209918021225  021225REGLEMENT FACTURE FC6087         0000000 00000000002109H
0510278    37531EUR2 0001290209918021225     LIBVH53363UHQVNNB01
0510278    37531EUR2 0001290209918021225     NOMEDEN LUTHERIE
0510278    37531EUR2 0001290209918021225     NPYEDEN LUTHERIE
0510278    37531EUR2 0001290209918021225     LCCREGLEMENT FACTURE FC6087
0510278    37531EUR2 0001290209918021225     RCNVH53363UHQVNNB01
0710278    37531EUR2 00012902099  021225                                                  0000006303922A
0130066    10323EUR2 00020541061  011225CABALOI                          COMPTE COURANT   0000000109136I021225021225
0430066907510323EUR2 00020541061C1021225  021225VIR INST PAYE JO NOVEMBRE 2025   0000000000000000019664N
0530066    10323EUR2 00020541061C1021225     LIBVK53361SJSANXD01
0430066907510323EUR2 00020541061C1021225  021225VIR INST PAYE PEDRO NOVEMBRE 20  0000000000000000021004P
0530066    10323EUR2 00020541061C1021225     LIBVK53361SLZCFW901
0430066907510323EUR2 00020541061C1021225  021225VIR INST PAYE PHIL NOVEMBRE 202  0000000000000000014000}
0530066    10323EUR2 00020541061C1021225     LIBVK53361SNX0FHH01
0430066039010323EUR2 0002054106130021225  041225REMCB00465 NB0001 TPE601081101   0800465 00000000008065C
0430066039710323EUR2 0002054106162021225  041225COMCB00465 NB0001 TPE601081101   0800465100000000000121}
0430066026410323EUR2 0002054106107021225  021225EFFET DOMICILIE   RELEVE 387558  0000000000000000025218L
0730066    10323EUR2 00020541061  021225                                                  0000000037193G
0110096    18171EUR2 00024531048  011225AGENCE LOCALE D               ALEC SUD PARISIENNE 0000000142601{021225021225
0710096    18171EUR2 00024531048  021225                                                  0000000142601{