0110207    00162EUR2 70211464715  021225SCP MBA                          COMPTE COURANT   0000000378205E
0410207004800162EUR2E7021146471502031225  041225REMISE CHEQUES                   1082110000000000000180{
0510207    00162EUR2 7021146471502031225     LIBREM CHQ  DE 1    CHEQUE(
0410207001200162EUR2E7021146471501031225  031225CHEQUE N 0006280                 0006280100000000009155R2512028318706085
0510207    00162EUR2 7021146471501031225     LIB251202831870608544244326  1600
0510207    00162EUR2 7021146471501031225     LIB79484300178         18706
0410207001200162EUR2E7021146471501031225  031225CHEQUE N 0006276                 0006276100000000014527R8635300042512038
0510207    00162EUR2 7021146471501031225     LIB863530004251203861991540  1600
0510207    00162EUR2 7021146471501031225     LIB3000408635084332103130004
0710207    00162EUR2 70211464715  031225                                                  0000000354701G