0110207    00013EUR2 22218401015  031225BOUCHERIE EL MANAR               COMPTE COURANT   0000000532233D
0410207052400013EUR2E2221840101562041225  031225FRAIS/COTIS                      0012107000000000000404LXCCNV019 2025120
0510207    00013EUR2 2221840101562041225     LIBXCCNV019 2025120300012107000001
0510207    00013EUR2 2221840101562041225     LIBCONTRAT CNV0055608977
0510207    00013EUR2 2221840101562041225     LIBCOTIS FREQUENCE PRO
0410207053700013EUR2E2221840101508041225  041225EUROPRELEVEMENT                  09ZRYHI100000000000768}V
0510207    00013EUR2 2221840101508041225     LIBVOTRE ABONNEMENT FIBRE (FACTURE
0510207    00013EUR2 2221840101508041225     LIBM0036873569
0510207    00013EUR2 2221840101508041225     LIBPRLV SEPA ORANGE SA-ORAN
0410207093600013EUR2E2221840101506041225  041225VIR INST PRO                     WFOMTY6100000000017857RP    AB PLUS COU
0510207    00013EUR2 2221840101506041225     LIBPOUR AB PLUS COURSES
0510207    00013EUR2 2221840101506041225     LIBRELEVE OCTOBRE
0510207    00013EUR2 2221840101506041225     LIBVIR INST AB PLUS COURSES
0710207    00013EUR2 22218401015  041225                                                  0000000513203B
0110807    00452EUR2 42221189809  031225SCI JMCH GROUPE LEMOINE          COMPTE COURANT   0000000071078D
0710807    00452EUR2 42221189809  041225                                                  0000000071078D
0110107    00175EUR2 00829015123  031225LUCAS OPTIK                      COMPTE COURANT   0000005009829E
0410107057000175EUR2E0082901512312041225  041225RETOUR VIREMENT SEPA 570    000  2107000  0000000004504I
0510107    00175EUR2 0082901512312041225     NBELASSALLE MARC
0510107    00175EUR2 0082901512312041225     LCCSALAIRES 11 2020
0510107    00175EUR2 0082901512312041225     RCNPROTECTIM-171653-122025121650-26
0510107    00175EUR2 0082901512312041225     LIBFR7630076021342699930030030
0510107    00175EUR2 0082901512312041225     LIBCODE BANQUE INCORRECT
0410107057100175EUR2E0082901512362041225  041225COM VIRT SEPA EMIS   571    071  51216500 0000000000050K
0510107    00175EUR2 0082901512362041225     LIB(DONT HORS TAXE E.4 18  TVA TAUX 20 00   E.0 84)
0410107056800175EUR2E0082901512306041225  041225VIREMENT SEPA EMIS   568    071  51216500 0000000567088N
0510107    00175EUR2 0082901512306041225     REFPROTECTIMPROTE-122025121650
0510107    00175EUR2 0082901512306041225     LIBNOMBRE D'OPERATIONS            39
0710107    00175EUR2 00829015123  041225                                                  0000004447195G
0110807    00455EUR2 62221127195  031225SAS NOOSA PIZZA   SERVAIS INGRID COMPTE COURANT   0000000123165G
0410807021400455EUR2E6222112719511041225  041225FACTURE CB                       FJNJLUO100000000001000KBEL ELOI       5
0510807    00455EUR2 6222112719511041225     LIBBEL ELOI       58SAINT-ELOI
0510807    00455EUR2 6222112719511041225     LIB021225 CB****8220
0710807    00455EUR2 62221127195  041225                                                  0000000122165E
0118707    00700EUR2 31521986242  031225SCI LES PETITS PRES              COMPTE COURANT   0000000005425C
0418707052400700EUR2E3152198624262041225  301125FRAIS                            0097753000000000000090}XCEBR410 2025113
0518707    00700EUR2 3152198624262041225     LIBXCEBR410 2025113000097753000001
0518707    00700EUR2 3152198624262041225     LIB1 OP RATION
0518707    00700EUR2 3152198624262041225     LIBCOMMISSION INTERVENTION
0418707021400700EUR2E3152198624211041225  041225FACTURE CB                       FK5E1GG100000000000601KSUPER U LOCHES F
0518707    00700EUR2 3152198624211041225     LIBSUPER U LOCHES FR LOCHES
0518707    00700EUR2 3152198624211041225     LIB60 12EUR 1 EURO   1 000000
0518707    00700EUR2 3152198624211041225     LIB031225 CB****7251
0718707    00700EUR2 31521986242  041225                                                  0000000004734A
0110907    00457EUR2 60021830601  031225SCI JMCH GROUPE LEMOINE          COMPTE COURANT   0000000655897B
0410907052400457EUR2E6002183060162041225  301125FRAIS OU COTIS                   0069416000000000000100}XCEBR420 2025113
0510907    00457EUR2 6002183060162041225     LIBXCEBR420 2025113000069416000001
0510907    00457EUR2 6002183060162041225     LIB1 OPERATION
0510907    00457EUR2 6002183060162041225     LIBCOM INTERVENTION
0410907021400457EUR2E6002183060111041225  041225PAIEMENT CARTE                   FK5EWYR100000000000039}BP 3000 TOURNY F
0510907    00457EUR2 6002183060111041225     LIBBP 3000 TOURNY FR BORDEAUX
0510907    00457EUR2 6002183060111041225     LIB3 90EUR 1 EURO   1 000000
0510907    00457EUR2 6002183060111041225     LIB031225 CB****4343
0410907021400457EUR2E6002183060111041225  041225PAIEMENT CARTE                   FK5EWYS100000000003040}PPG*BOOSPA     F
0510907    00457EUR2 6002183060111041225     LIBPPG*BOOSPA     FR CARQUEFOU
0510907    00457EUR2 6002183060111041225     LIB304 00EUR 1 EURO   1 000000
0510907    00457EUR2 6002183060111041225     LIB031225 CB****4343
0710907    00457EUR2 60021830601  041225                                                  0000000652718B
0110107    00232EUR2 00617082033  031225SCI DU HANGAR                    COMPTE COURANT   0000000003530D
0710107    00232EUR2 00617082033  041225                                                  0000000003530D
0110807    00449EUR2 72421682522  031225EGV HOLDING                      COMPTE COURANT   0000000707067C
0710807    00449EUR2 72421682522  041225                                                  0000000707067C
0110807    00449EUR2 12421436392  031225EI SALON INES D                  COMPTE COURANT   0000000245756C
0410807050500449EUR2E1242143639205041225  041225EUROVIREM. SEPA                  FI2X5MJ100000000004600{
0510807    00449EUR2 1242143639205041225     LIBLOYER NOVEMBRE
0510807    00449EUR2 1242143639205041225     LIBEVI KEIRSSE DRAPIER
0510807    00449EUR2 1242143639205041225     MMOEUR2000000000460000000000000000
0510807    00449EUR2 1242143639205041225     NPYKEIRSSE DRAPIER
0510807    00449EUR2 1242143639205041225     NBESCI 4B
0510807    00449EUR2 1242143639205041225     LCCLOYER NOVEMBRE
0510807    00449EUR2 1242143639205041225     RCNZZ1JIFFL9H0N8FTQT
0710807    00449EUR2 12421436392  041225                                                  0000000250356C
0114707    06909EUR2 32521841963  031225EIRL M ZHANG MARC                COMPTE COURANT   0000000448814D
0414707050506909EUR2E3252184196305041225  041225VIREMENT SEPA                    FI2Y9LQ000000000000805{V   REF  2025/71
0514707    06909EUR2 3252184196305041225     LIBVOS REF  2025/71          NOS RE
0514707    06909EUR2 3252184196305041225     LIBF  2025/71                    20
0514707    06909EUR2 3252184196305041225     LIBEVI DDFIP MEURTHE-ET-MOS
0514707    06909EUR2 3252184196305041225     MMOEUR2000000000080500000000000000
0514707    06909EUR2 3252184196305041225     NPYDDFIP MEURTHE-ET-MOSELLE
0514707    06909EUR2 3252184196305041225     NBEMONSIEUR MONSIEUR JULIEN HUGOT
0514707    06909EUR2 3252184196305041225     IBE49290518700091
0514707    06909EUR2 3252184196305041225     LCCVOS REF  2025/71          NOS REF  2025/71                    2025 LOR
0514707    06909EUR2 3252184196305041225     LC2VOS REF  2025/71          NOS REF  2025/71                    2025 LOR
0514707    06909EUR2 3252184196305041225     RCN1505400002025/71         4000500410
0414707020606909EUR2E3252184196330041225  031225REM.CARTE BLEUE                  0436383100000000001535{
0514707    06909EUR2 3252184196330041225     LIB                - NB0006/130383
0514707    06909EUR2 3252184196330041225     LIBREMISE CB 1109836010
0414707020606909EUR2E3252184196330041225  031225REM.CARTE BLEUE                  0437896100000000006078F
0514707    06909EUR2 3252184196330041225     LIB                - NB0030/129896
0514707    06909EUR2 3252184196330041225     LIBREMISE CB 1109836010
0414707061006909EUR2E3252184196362041225  041225COMMISSIONS CB                   0436383100000000000004Q
0514707    06909EUR2 3252184196362041225     LIB                - NB0006/130383
0514707    06909EUR2 3252184196362041225     LIBCOM CB    1109836010
0414707061006909EUR2E3252184196362041225  041225COMMISSIONS CB                   0437896100000000000019}
0514707    06909EUR2 3252184196362041225     LIB                - NB0030/129896
0514707    06909EUR2 3252184196362041225     LIBCOM CB    1109836010
0414707053706909EUR2E3252184196308041225  041225PRLV SEPA                        0DVYBUL100000000005353L0010446881
0514707    06909EUR2 3252184196308041225     LIB0010446881
0514707    06909EUR2 3252184196308041225     LIBFR06ZZZ553287-001081214-0003
0514707    06909EUR2 3252184196308041225     LIBPRLV SEPA AGIPI-ADIS
0414707020606909EUR2E3252184196330041225  041225REM.CARTE BLEUE                  0438150100000000000435{
0514707    06909EUR2 3252184196330041225     LIB                - NB0002/161150
0514707    06909EUR2 3252184196330041225     LIBREMISE CB 1109836010
0414707020606909EUR2E3252184196330041225  041225REM.CARTE BLEUE                  0439824100000000002449E
0514707    06909EUR2 3252184196330041225     LIB                - NB0011/162824
0514707    06909EUR2 3252184196330041225     LIBREMISE CB 1109836010
0414707061006909EUR2E3252184196362041225  041225COMMISSIONS CB                   0438150100000000000001M
0514707    06909EUR2 3252184196362041225     LIB                - NB0002/161150
0514707    06909EUR2 3252184196362041225     LIBCOM CB    1109836010
0414707061006909EUR2E3252184196362041225  041225COMMISSIONS CB                   0439824100000000000007P
0514707    06909EUR2 3252184196362041225     LIB                - NB0011/162824
0514707    06909EUR2 3252184196362041225     LIBCOM CB    1109836010
0414707021406909EUR2E3252184196311041225  041225FACTURE CB                       FK5BN9T100000000000080}FACEBK *VZ6DT8VI
0514707    06909EUR2 3252184196311041225     LIBFACEBK *VZ6DT8VIRL FB.ME/ADS
0514707    06909EUR2 3252184196311041225     LIB8 00EUR 1 EURO   1 000000
0514707    06909EUR2 3252184196311041225     LIB031225 CB****8276
0414707021406909EUR2E3252184196311041225  041225FACTURE CB                       FK5BN9U100000000000199RAPPLE.COM/BILL I
0514707    06909EUR2 3252184196311041225     LIBAPPLE.COM/BILL IRL CORK
0514707    06909EUR2 3252184196311041225     LIB19 99EUR 1 EURO   1 000000
0514707    06909EUR2 3252184196311041225     LIB031225 CB****8276
0414707050506909EUR2E3252184196305041225  041225VIREMENT SEPA                    FJQH9Q0000000000000350{0000001010204023
0514707    06909EUR2 3252184196305041225     LIB0000001010204023351311251202
0514707    06909EUR2 3252184196305041225     LIBEVI CGSS DISP OPERATIONS
0514707    06909EUR2 3252184196305041225     MMOEUR2000000000035000000000000000
0514707    06909EUR2 3252184196305041225     NPYCGSS DISP OPERATIONS COMMUNES
0514707    06909EUR2 3252184196305041225     IPY0
0514707    06909EUR2 3252184196305041225     NBEEI - HUGOT JULIEN
0514707    06909EUR2 3252184196305041225     LCC0000001010204023351311251202
0514707    06909EUR2 3252184196305041225     RCN0000001010204023351311251202
0714707    06909EUR2 32521841963  041225                                                  0000000454801D
0110107    00175EUR2 00214026605  031225SC AJC CONSEILS                  COMPTE COURANT   0000008306242B
0410107056900175EUR2E0021402660505041225  041225VIREMENT SEPA RECU   569    000  2819955  0000001193331F
0510107    00175EUR2 0021402660505041225     NPYTRIVALO 92
0510107    00175EUR2 0021402660505041225     LCC202511380027
0510107    00175EUR2 0021402660505041225     RCN17592
0510107    00175EUR2 0021402660505041225     IPY844726455
0510107    00175EUR2 0021402660505041225     IPY844726455
0510107    00175EUR2 0021402660505041225     LIBCMBRFR2BCME
0410107056900175EUR2E0021402660505041225  041225VIREMENT SEPA RECU   569    000  2820247  0000001077973B
0510107    00175EUR2 0021402660505041225     NPYFAMI LIMITED
0510107    00175EUR2 0021402660505041225     LCCC004723134 TI021104444202504380319
0510107    00175EUR2 0021402660505041225     RCNC004723134
0510107    00175EUR2 0021402660505041225     LIBGEBABEBB
0710107    00175EUR2 00214026605  041225                                                  0000010577547{
0110107    00175EUR2 00617054596  031225CHOUFFEUR ANTONY                                  0000000419278B
0710107    00175EUR2 00617054596  041225                                                  0000000419278B
0110107    00175EUR2 00219034207  031225LK DEVELOPPEMENT                 COMPTE COURANT   0000001625303A
0410107056900175EUR2E0021903420705041225  041225VIREMENT SEPA RECU   569    000  2820703  0000000005850{
0510107    00175EUR2 0021903420705041225     NPYSERVIER MONDE
0510107    00175EUR2 0021903420705041225     LCCF251100404
0510107    00175EUR2 0021903420705041225     RCN202690360020001614
0510107    00175EUR2 0021903420705041225     LIBCMCIFRPPCOR
0410107057100175EUR2E0021903420762041225  041225COM VIRT SEPA EMIS   571    071  51219180 0000000000001L
0510107    00175EUR2 0021903420762041225     LIB(DONT HORS TAXE E.0 11  TVA TAUX 20 00   E.0 02)
0410107056800175EUR2E0021903420706041225  041225VIREMENT SEPA EMIS   568    071  51219180 0000000025016K
0510107    00175EUR2 0021903420706041225     NBEGABRIELLI ANTOINE
0510107    00175EUR2 0021903420706041225     LCCVIREMENT S.A.T. SECURITY ACADEMY TRAINING
0510107    00175EUR2 0021903420706041225     RCNSATSEC-379627-122025121918-0
0510107    00175EUR2 0021903420706041225     LIBFR1120041000016820577B02011
0510107    00175EUR2 0021903420706041225     LIBPSSTFRPPPAR
0710107    00175EUR2 00219034207  041225                                                  0000001606135F
0110107    00175EUR2 00013053704  031225NORTRADE INTERNATIONAL           COMPTE COURANT   0000000000000{
0710107    00175EUR2 00013053704  041225                                                  0000000000000{
0114707    03909EUR2 32821397320  031225LE BOLAT                         COMPTE COURANT   0000000014381A
0714707    03909EUR2 32821397320  041225                                                  0000000014381A
0110807    00449EUR2 72419307251  031225S.C.I. DAM                       COMPTE COURANT   0000000002258}
0410807050500449EUR2E7241930725105041225  041225EUROVIREM. SEPA                  FJQGO23100000000003300{
0510807    00449EUR2 7241930725105041225     LIBEVI SA ONLINEFORMAPRO
0510807    00449EUR2 7241930725105041225     MMOEUR2000000000330000000000000000
0510807    00449EUR2 7241930725105041225     NPYSA ONLINEFORMAPRO
0510807    00449EUR2 7241930725105041225     NBETAMATOA VINCENT GRAILLOT
0510807    00449EUR2 7241930725105041225     RCNDEC
0710807    00449EUR2 72419307251  041225                                                  0000000001042{
0110807    00451EUR2 42221415109  031225SARL VALENCIENNES SERVICES       COMPTE COURANT   0000000023741B
0710807    00451EUR2 42221415109  041225                                                  0000000023741B
0110207    00044EUR2 22218236596  031225SNC LEITE 95                     SNC LEITE 95     0000000362275D
0410207050500044EUR2E2221823659605041225  041225EUROVIREMENT                     FI2XXV4000000000001888H0000007541851973
0510207    00044EUR2 2221823659605041225     LIB0000007541851973362201251203
0510207    00044EUR2 2221823659605041225     LIBEVI CPAM 75 PRESTATIONS
0510207    00044EUR2 2221823659605041225     MMOEUR2000000000188880000000000000
0510207    00044EUR2 2221823659605041225     NPYCPAM 75 PRESTATIONS
0510207    00044EUR2 2221823659605041225     IPY0
0510207    00044EUR2 2221823659605041225     NBEDANILOSKI MARIJA
0510207    00044EUR2 2221823659605041225     LCC0000007541851973362201251203
0510207    00044EUR2 2221823659605041225     RCN0000007541851973362201251203
0410207050500044EUR2E2221823659605041225  041225EUROVIREMENT                     FI2XYH0000000000001728{0000007541851973
0510207    00044EUR2 2221823659605041225     LIB0000007541851973369271251203
0510207    00044EUR2 2221823659605041225     LIBEVI CPAM HAUTS DE SEINE
0510207    00044EUR2 2221823659605041225     MMOEUR2000000000172800000000000000
0510207    00044EUR2 2221823659605041225     NPYCPAM HAUTS DE SEINE SEPA
0510207    00044EUR2 2221823659605041225     IPY0
0510207    00044EUR2 2221823659605041225     NBEDANILOSKI MARIJA
0510207    00044EUR2 2221823659605041225     LCC0000007541851973369271251203
0510207    00044EUR2 2221823659605041225     RCN0000007541851973369271251203
0710207    00044EUR2 22218236596  041225                                                  0000000365892B
0110207    00013EUR2 22216817715  031225SARL MM AMENAGEMENT              COMPTE COURANT   0000000292165C
0710207    00013EUR2 22216817715  041225                                                  0000000292165C
0110107    00175EUR2 00417043837  031225MADIO                                             0000001747330C
0410107056900175EUR2E0041704383705041225  041225VIREMENT SEPA RECU   569    000  2819762  0000000008333B
0510107    00175EUR2 0041704383705041225     NPYASP AGENCE COMPTABLE
0510107    00175EUR2 0041704383705041225     LCC155828955 AUEA AUEA04116760340 MINISTERE DU TRAVAIL AIDE UNIQUE APPREN
0510107    00175EUR2 0041704383705041225     LC2TI KINETICS
0510107    00175EUR2 0041704383705041225     RCN1D0750000155828955-TEL---0231062424
0510107    00175EUR2 0041704383705041225     LIBTRPUFRP1XXX
0410107087700175EUR2E00417043837C2041225  041225VIREMENT INST. RECU  877    000  T253380  0000000002921F
0510107    00175EUR2 00417043837C2041225     NPYATL CYCLES
0510107    00175EUR2 00417043837C2041225     LCCPRO FORMA 84127 ATL CYCLES
0510107    00175EUR2 00417043837C2041225     RCNPRO FORMA 84127 SEGWAY ATL CYCLES
0510107    00175EUR2 00417043837C2041225     LIBCEPAFRPP751
0510107    00175EUR2 00417043837C2041225     LIB04/12/2025 20 24 14 CET
0410107056800175EUR2E0041704383706041225  041225VIREMENT SEPA EMIS   568    000  90097400 0000000033457M
0510107    00175EUR2 0041704383706041225     NBESEGWAY EUROPE B.V.
0510107    00175EUR2 0041704383706041225     LCC20038044
0510107    00175EUR2 0041704383706041225     LIBHSBCNL2AXXX
0410107087600175EUR2E00417043837C1041225  041225VIREMENT INST. EMIS  876    000  0E0B7D40 0000000001180}
0510107    00175EUR2 00417043837C1041225     NBEELECTROAD
0510107    00175EUR2 00417043837C1041225     LCC44115.1225-FA0788
0510107    00175EUR2 00417043837C1041225     RCNNOTPROVIDED
0510107    00175EUR2 00417043837C1041225     LIBCMCIFR2AXXX
0510107    00175EUR2 00417043837C1041225     LIB04/12/2025 17 04 27 CET
0410107087600175EUR2E00417043837C1041225  041225VIREMENT INST. EMIS  876    000  99F1CAB0 0000000004800}
0510107    00175EUR2 00417043837C1041225     NBEINTERNATIONAL CONSULTING SERVICES
0510107    00175EUR2 00417043837C1041225     LCC01112025
0510107    00175EUR2 00417043837C1041225     RCNNOTPROVIDED
0510107    00175EUR2 00417043837C1041225     LIBCMCIFR2AXXX
0510107    00175EUR2 00417043837C1041225     LIB04/12/2025 17 40 14 CET
0710107    00175EUR2 00417043837  041225                                                  0000001719147G
0110207    00012EUR2 21217911983  031225SULINSKI DELPHINE                COMPTE COURANT   0000003200947I
0710207    00012EUR2 21217911983  041225                                                  0000003200947I
0114707    03909EUR2 32821639489  031225MENILLET COURTAGE                COMPTE COURANT   0000000231102C
0414707050503909EUR2E3282163948905041225  041225VIREMENT SEPA                    FI2XFP2000000000000000I0000005126003053
0514707    03909EUR2 3282163948905041225     LIB0000005126003053316521251128
0514707    03909EUR2 3282163948905041225     LIBEVI MGEN
0514707    03909EUR2 3282163948905041225     MMOEUR2000000000000090000000000000
0514707    03909EUR2 3282163948905041225     NPYMGEN
0514707    03909EUR2 3282163948905041225     IPY0
0514707    03909EUR2 3282163948905041225     NBESAS OPTIQUE D ERLON
0514707    03909EUR2 3282163948905041225     LCC0000005126003053316521251128
0514707    03909EUR2 3282163948905041225     RCN0000005126003053316521251128
0414707050503909EUR2E3282163948905041225  041225VIREMENT SEPA                    FI2YH7V000000000004166F155912281 AUEA A
0514707    03909EUR2 3282163948905041225     LIB155912281 AUEA AUEA04091069050 M
0514707    03909EUR2 3282163948905041225     LIBINISTERE DU TRAVAIL AIDE UNIQUE
0514707    03909EUR2 3282163948905041225     LIBEVI ASP AGENCE COMPTABLE
0514707    03909EUR2 3282163948905041225     MMOEUR2000000000416660000000000000
0514707    03909EUR2 3282163948905041225     NPYASP AGENCE COMPTABLE
0514707    03909EUR2 3282163948905041225     NBESAS OPTIQUE DERLON
0514707    03909EUR2 3282163948905041225     IBEINDIVIDU NOE 0409106905
0514707    03909EUR2 3282163948905041225     LCC155912281 AUEA AUEA04091069050 MINISTERE DU TRAVAIL AIDE UNIQUE APPREN
0514707    03909EUR2 3282163948905041225     LC2155912281 AUEA AUEA04091069050 MINISTERE DU TRAVAIL AIDE UNIQUE APPREN
0514707    03909EUR2 3282163948905041225     RCN1D0750000155912281-TEL---0442525432
0414707050503909EUR2E3282163948905041225  041225VIREMENT SEPA                    FI2YDR4000000000001056DF27351
0514707    03909EUR2 3282163948905041225     LIBF27351
0514707    03909EUR2 3282163948905041225     LIBEVI M.       GOUNEL ARNA
0514707    03909EUR2 3282163948905041225     MMOEUR2000000000105640000000000000
0514707    03909EUR2 3282163948905041225     NPYM.       GOUNEL ARNAUD
0514707    03909EUR2 3282163948905041225     NBESAS OPTIQUE D'ERLON
0514707    03909EUR2 3282163948905041225     LCCF27351
0514707    03909EUR2 3282163948905041225     RCNNOTPROVIDED
0414707050503909EUR2E3282163948905041225  041225VIREMENT SEPA                    FJQFUQ2000000000004198ETP-20251202-MGC.
0514707    03909EUR2 3282163948905041225     LIBTP-20251202-MGC.................
0514707    03909EUR2 3282163948905041225     LIB-512600305-0775678550-4909-    .
0514707    03909EUR2 3282163948905041225     LIBEVI MGC
0514707    03909EUR2 3282163948905041225     MMOEUR2000000000419850000000000000
0514707    03909EUR2 3282163948905041225     NPYMGC
0514707    03909EUR2 3282163948905041225     NBESAS OPTIQUE D ERLON
0514707    03909EUR2 3282163948905041225     LCCTP-20251202-MGC.................-512600305-0775678550-4909-    .......
0514707    03909EUR2 3282163948905041225     LC2TP-20251202-MGC.................-512600305-0775678550-4909-    .......
0514707    03909EUR2 3282163948905041225     RCNTP-20251202-MGC................
0414707053703909EUR2E3282163948908041225  041225PRLV SEPA                        0DW5Z1I100000000004583O25EDFR00454947
0514707    03909EUR2 3282163948908041225     LIB25EDFR00454947
0514707    03909EUR2 3282163948908041225     LIB707E4A7ACEEF49F69ACDCCEE7A85621B
0514707    03909EUR2 3282163948908041225     LIBPRLV SEPA EDENRED FRANCE
0414707053703909EUR2E3282163948908041225  041225PRLV SEPA                        0DVXFGF100000000000450PZEROSIX FA251104
0514707    03909EUR2 3282163948908041225     LIBZEROSIX FA25110437
0514707    03909EUR2 3282163948908041225     LIB241129774
0514707    03909EUR2 3282163948908041225     LIBPRLV SEPA ZS SERVICES
0414707059303909EUR2E3282163948905041225  041225VIR INST                         WJKQHI1000000000005150{BIPT253380300337
0514707    03909EUR2 3282163948905041225     LIBBIPT253380300337590 C
0514707    03909EUR2 3282163948905041225     LIBLUNETTE
0514707    03909EUR2 3282163948905041225     LIBVIR INST M.OU MME SARAZI
0414707050503909EUR2E3282163948905041225  041225VIREMENT SEPA                    FJQGIDU000000000000000I0000005126003053
0514707    03909EUR2 3282163948905041225     LIB0000005126003053365830251203
0514707    03909EUR2 3282163948905041225     LIBEVI C.P.A.M. REIMS
0514707    03909EUR2 3282163948905041225     MMOEUR2000000000000090000000000000
0514707    03909EUR2 3282163948905041225     NPYC.P.A.M. REIMS
0514707    03909EUR2 3282163948905041225     IPY0
0514707    03909EUR2 3282163948905041225     NBESAS OPTIQUE D ERLON
0514707    03909EUR2 3282163948905041225     LCC0000005126003053365830251203
0514707    03909EUR2 3282163948905041225     RCN0000005126003053365830251203
0414707093603909EUR2E3282163948906041225  041225VIR INST                         WJKX0P5100000000004517MP    BEA LAURENC
0514707    03909EUR2 3282163948906041225     LIBPOUR BEA LAURENCE
0514707    03909EUR2 3282163948906041225     LIBSOLDE SALAIRE NOVEMBRE
0514707    03909EUR2 3282163948906041225     LIBVIR INST BEA LAURENCE
0414707093603909EUR2E3282163948906041225  041225VIR INST                         WJKX0SO100000000004679NP    PROKOPOVITC
0514707    03909EUR2 3282163948906041225     LIBPOUR PROKOPOVITCH STEPHANE
0514707    03909EUR2 3282163948906041225     LIBSALAIRE NOVEMBRE
0514707    03909EUR2 3282163948906041225     LIBVIR INST PROKOPOVITCH ST
0414707052303909EUR2E3282163948906041225  041225EUROVIR OCCAS                    9340310100000000010000}V           S
0514707    03909EUR2 3282163948906041225     LIBVIREMENT DE SAS OPTIQUE D'ERLON
0514707    03909EUR2 3282163948906041225     LIBSOLDE SALAIRE NOVEMBRE
0514707    03909EUR2 3282163948906041225     LIBVIR LAMBLA THIBAUT
0414707093603909EUR2E3282163948906041225  041225VIR INST                         WJKX0UW100000000004368OP    JADE FOSSAR
0514707    03909EUR2 3282163948906041225     LIBPOUR JADE FOSSARD
0514707    03909EUR2 3282163948906041225     LIBSOLDE SALAIRE NOVEMBRE
0514707    03909EUR2 3282163948906041225     LIBVIR INST JADE FOSSARD
0414707093603909EUR2E3282163948906041225  041225VIR INST                         WJKX1Y3100000000003909MP    HUGO MURIAS
0514707    03909EUR2 3282163948906041225     LIBPOUR HUGO MURIAS--DEVIGNE
0514707    03909EUR2 3282163948906041225     LIBSOLDE SALAIRE NOVEMBRE
0514707    03909EUR2 3282163948906041225     LIBVIR INST HUGO MURIAS--DE
0714707    03909EUR2 32821639489  041225                                                  0000000213166D
0114607    00060EUR2 71021130179  031225M AELBRECHT BAPTISTE             COMPTE COURANT   0000000591505D
0714607    00060EUR2 71021130179  041225                                                  0000000591505D
0110807    00455EUR2 62321074944  031225R&S GROUP                        CCE R&S GROUP    0000000063098L
0410807050500455EUR2E6232107494405041225  041225EUROVIREM. SEPA                  FI2XTA4100000000000919F0000005850018783
0510807    00455EUR2 6232107494405041225     LIB0000005850018783365830251203
0510807    00455EUR2 6232107494405041225     LIBEVI CPAM DE LA NIEVRE
0510807    00455EUR2 6232107494405041225     MMOEUR2000000000091960000000000000
0510807    00455EUR2 6232107494405041225     NPYCPAM DE LA NIEVRE
0510807    00455EUR2 6232107494405041225     IPY0
0510807    00455EUR2 6232107494405041225     NBEPINO MARTINEZ KARINE
0510807    00455EUR2 6232107494405041225     LCC0000005850018783365830251203
0510807    00455EUR2 6232107494405041225     RCN0000005850018783365830251203
0410807020600455EUR2E6232107494430041225  041225REMISE CB                        0007467100000000001290{BRUT      129 50
0510807    00455EUR2 6232107494430041225     LIBBRUT      129 50E - COM    0 50E
0510807    00455EUR2 6232107494430041225     LIB                - NB0005/168467
0510807    00455EUR2 6232107494430041225     LIBREMISE CB 5075358014
0410807020600455EUR2E6232107494430041225  041225REMISE CB                        0914462100000000000790DBRUT       79 34
0510807    00455EUR2 6232107494430041225     LIBBRUT       79 34E - COM    0 30E
0510807    00455EUR2 6232107494430041225     LIB                - NB0002/177462
0510807    00455EUR2 6232107494430041225     LIBREMISE CB 5075359011
0410807050500455EUR2E6232107494405041225  041225EUROVIREM. SEPA                  FJQGEQG100000000000240{2025120200000058
0510807    00455EUR2 6232107494405041225     LIB2025120200000058500187 02211000
0510807    00455EUR2 6232107494405041225     LIBEVI CAISSE REGIONALE MSA
0510807    00455EUR2 6232107494405041225     MMOEUR2000000000024000000000000000
0510807    00455EUR2 6232107494405041225     NPYCAISSE REGIONALE MSA DE BOURGOGNE
0510807    00455EUR2 6232107494405041225     IPY77821246400029
0510807    00455EUR2 6232107494405041225     NBEPINO MARTINEZ KARINE
0510807    00455EUR2 6232107494405041225     LCC2025120200000058500187 02211000
0510807    00455EUR2 6232107494405041225     RCN2025120200000058500187 02211000
0710807    00455EUR2 62321074944  041225                                                  0000000059858L
0110807    00449EUR2 25019722433  031225LA PAUSE DETENTE                 COMPTE COURANT   0000000013925B
0410807001200449EUR2E2501972243301041225  041225CHEQUE N 0012766                 0012766100000000002220}2512037714806085
0510807    00449EUR2 2501972243301041225     LIB251203771480608506317851  1600
0510807    00449EUR2 2501972243301041225     LIB72036627833         14806
0710807    00449EUR2 25019722433  041225                                                  0000000011705B
0110807    00449EUR2 72321610536  031225L'EPICURIEN                      COMPTE COURANT   0000000058641I
0710807    00449EUR2 72321610536  041225                                                  0000000058641I
0113507    00161EUR2 32251542512  031225CSE STOKOMANI OEUVRES SOCIALES   COMPTE COURANT   0000000175863H
0413507050500161EUR2E3225154251205041225  041225EUROVIRT SEPA                    FI2WH45100000000001400HERF-TRD-2127223-
0513507    00161EUR2 3225154251205041225     LIBERF-TRD-2127223-02122025-1
0513507    00161EUR2 3225154251205041225     LIBVIR EDENRED FRANCE
0513507    00161EUR2 3225154251205041225     MMOEUR2000000000140080000000000000
0513507    00161EUR2 3225154251205041225     NPYEDENRED FRANCE
0513507    00161EUR2 3225154251205041225     NBESARL G2B
0513507    00161EUR2 3225154251205041225     LCCERF-TRD-2127223-02122025-1
0513507    00161EUR2 3225154251205041225     RCNVSCT-TX-18612
0413507020600161EUR2E3225154251230041225  041225REM.CARTE BLEUE                  0256552100000000000635ABRUT       63 80
0513507    00161EUR2 3225154251230041225     LIBBRUT       63 80E - COM    0 29E
0513507    00161EUR2 3225154251230041225     LIB                - NB0004/161552
0513507    00161EUR2 3225154251230041225     LIBREMISE CB 5454303011
0413507020600161EUR2E3225154251230041225  041225REM.CARTE BLEUE                  0257966100000000006790CBRUT      682 50
0513507    00161EUR2 3225154251230041225     LIBBRUT      682 50E - COM    3 47E
0513507    00161EUR2 3225154251230041225     LIB                - NB0045/163966
0513507    00161EUR2 3225154251230041225     LIBREMISE CB 5454303011
0413507093600161EUR2E3225154251206041225  041225VIR INST B2B                     WGKFPKC100000000075000}P    GRARD FRANC
0513507    00161EUR2 3225154251206041225     LIBPOUR GRARD FRANCOISE
0513507    00161EUR2 3225154251206041225     LIBREMBOURSEMENT CAPITAL GRARD FRAN
0513507    00161EUR2 3225154251206041225     LIBVIR INST GRARD FRANCOISE
0413507093600161EUR2E3225154251206041225  041225VIR INST B2B                     WGKFPLY100000000007320}P    JOUANDIS 2
0513507    00161EUR2 3225154251206041225     LIBPOUR JOUANDIS 2
0513507    00161EUR2 3225154251206041225     LIBFACTURE NOVEMBRE LE CROUSTI FRIT
0513507    00161EUR2 3225154251206041225     LIBVIR INST JOUANDIS 2
0413507093600161EUR2E3225154251206041225  041225VIR INST B2B                     WGKFPNH100000000002734RP    SARL A FLEU
0513507    00161EUR2 3225154251206041225     LIBPOUR SARL A FLEUR DE BLE
0513507    00161EUR2 3225154251206041225     LIBFACTURE NOVEMBRE LE CROUSTI FRIT
0513507    00161EUR2 3225154251206041225     LIBVIR INST SARL A FLEUR DE
0413507021400161EUR2E3225154251211041225  041225FACTURE CB                       FK5DN6S100000000003603}INTERMARKET-SA F
0513507    00161EUR2 3225154251211041225     LIBINTERMARKET-SA FR TEMPLEMARS
0513507    00161EUR2 3225154251211041225     LIB360 30EUR 1 EURO   1 000000
0513507    00161EUR2 3225154251211041225     LIB031225 CB****7165
0713507    00161EUR2 32251542512  041225                                                  0000000096032A
0110107    00228EUR2 00818058996  031225EURL PRARELO                     COMPTE COURANT   0000000366097E
0710107    00228EUR2 00818058996  041225                                                  0000000366097E
0110807    00457EUR2 02321140195  031225SCI GHTE22600                                     0000000059081F
0410807052300457EUR2E0232114019506041225  041225VIR OCC SEPA C                   1470596100000000013200}21108381
0510807    00457EUR2 0232114019506041225     LIB21108381
0510807    00457EUR2 0232114019506041225     LIBDDE 8ADLR
0510807    00457EUR2 0232114019506041225     LIBM ANDY HECHT
0710807    00457EUR2 02321140195  041225                                                  0000000045881F
0117807    00803EUR2 05421129155  031225SC AJC CONSEILS                  COMPTE COURANT   0000000018012A
0417807001200803EUR2E0542112915501041225  041225CHEQUE N 0000914                 0000914100000000000600}031225009S371497
0517807    00803EUR2 0542112915501041225     LIB031225009S37149749601000  71C0
0517807    00803EUR2 0542112915501041225     LIBVIS0010000  0001    10907
0717807    00803EUR2 05421129155  041225                                                  0000000017412A
0116807    00386EUR2 42821066881  031225AUTO MOTO ECOLE TINQUEUX         COMPTE COURANT   0000000000296}
0716807    00386EUR2 42821066881  041225                                                  0000000000296}