0130047    14681EUR2 00020261072  031225THEMA PLUS SARL               THEMA PLUS SARL     0000000030804N031225041225
0430047930514681EUR2 0002026107218041225  041225VIR EDENRED FRANCE               0000000 00000000000046H
0530047    14681EUR2 0002026107218041225     LIBVSCT-TX-63909
0530047    14681EUR2 0002026107218041225     NOMEDENRED FRANCE                     MR HURAND THIERRY
0530047    14681EUR2 0002026107218041225     NBEMR HURAND THIERRY
0530047    14681EUR2 0002026107218041225     NPYEDENRED FRANCE
0530047    14681EUR2 0002026107218041225     LCCERF-TRD-0838705-02122025-1
0530047    14681EUR2 0002026107218041225     RCNVSCT-TX-63909
0530047    14681EUR2 0002026107218041225     CBEFR7630047146810002026270136
0430047930514681EUR2 0002026107218041225  041225VIR PLUXEE FRANCE                0000000 00000000000103E
0530047    14681EUR2 0002026107218041225     LIBSOD-TRD-838705-30112025
0530047    14681EUR2 0002026107218041225     NOMPLUXEE FRANCE                      BOULANGERIE PATISSERIE
0530047    14681EUR2 0002026107218041225     NBEBOULANGERIE PATISSERIE
0530047    14681EUR2 0002026107218041225     NPYPLUXEE FRANCE
0530047    14681EUR2 0002026107218041225     RCNSOD-TRD-838705-30112025
0530047    14681EUR2 0002026107218041225     REFSOD-TRD-838705-30112025
0530047    14681EUR2 0002026107218041225     CBEFR7630047146810002026270136
0430047025014681EUR2 0002026107202041225  051225REM CHQ REF14681A04              0000000 00000000000587{000003
0430047021514681EUR2 0002026107204041225  041225VRST REF14681A04 BILLETS         0000000 00000000022600{
0430047930514681EUR2 0002026107218041225  041225VIR UP COOP                      0000000 00000000000273H
0530047    14681EUR2 0002026107218041225     LIB001DCLTA560OD
0530047    14681EUR2 0002026107218041225     NOMUP COOP                            MR HURAND THIERRY
0530047    14681EUR2 0002026107218041225     NBEMR HURAND THIERRY
0530047    14681EUR2 0002026107218041225     NPYUP COOP
0530047    14681EUR2 0002026107218041225     LCCCDJ-TRD-838705-20251203-01
0530047    14681EUR2 0002026107218041225     RCN001DCLTA560OD
0530047    14681EUR2 0002026107218041225     REFT253380002552579
0530047    14681EUR2 0002026107218041225     CBEFR7630047146810002026270136
0730047    14681EUR2 00020261072  041225                                                  0000000007193M
0130087    33866EUR2 00020611063  031225JLK INVEST                       COMPTE COURANT   0000000171336F031225041225
0430087930533866EUR2 0002061106318041225  041225VIR BIOTRONIK FRANCE             0000000 00000000038400{
0530087    33866EUR2 0002061106318041225     LIBVIR SEPA 03/12/2025 14 35 52-00
0530087    33866EUR2 0002061106318041225     NOMBIOTRONIK FRANCE                   FACT 25/000883
0530087    33866EUR2 0002061106318041225     NBEFACT 25/000883
0530087    33866EUR2 0002061106318041225     NPYBIOTRONIK FRANCE
0530087    33866EUR2 0002061106318041225     LCCINTERFREIGHT FRANCE
0530087    33866EUR2 0002061106318041225     RCNVIR SEPA 03/12/2025 14 35 52-00015
0530087    33866EUR2 0002061106318041225     CBEFR7630087338660002061360133
0430087907833866EUR2 00020611063C2041225  041225VIR INST ORGANISATION DE SELECT  0000000 00000000002640{
0530087    33866EUR2 00020611063C2041225     LIBINTERFREIGHT FA25/000864
0530087    33866EUR2 00020611063C2041225     NOMORGANISATION DE SELECTION OVINE    INTERFREIGHT FRANCE
0530087    33866EUR2 00020611063C2041225     NBEINTERFREIGHT FRANCE
0530087    33866EUR2 00020611063C2041225     NPYORGANISATION DE SELECTION OVINE
0530087    33866EUR2 00020611063C2041225     LCCINTERFREIGHT FA25/000864
0530087    33866EUR2 00020611063C2041225     RCNFACTURE 25/000864 OSON
0430087931033866EUR2 0002061106344041225  031225VIR VIREMENT GLOBAL FREIGHT INT  0000000000000000031568K
0530087    33866EUR2 0002061106344041225     LIBC24D25338L00252
0530087    33866EUR2 0002061106344041225     RIBFR7630087338660002061360133
0530087    33866EUR2 0002061106344041225     NOMGLOBAL FREIGHT INTERNATIONAL       INTERFREIGHT FRANCE
0530087    33866EUR2 0002061106344041225     MMOUSD200000000366990
0530087    33866EUR2 0002061106344041225     NBEINTERFREIGHT FRANCE
0530087    33866EUR2 0002061106344041225     IBE9 CHEMIN REBOURS                   77250 VILLECERF
0530087    33866EUR2 0002061106344041225     NPYGLOBAL FREIGHT INTERNATIONAL
0530087    33866EUR2 0002061106344041225     LCCINVOICE 110050
0430087916233866EUR2 00020611063B1041225  041225PRLV SEPA XEROX FINANCIAL SERVI  0000000000000000003523P
0530087    33866EUR2 00020611063B1041225     LIB3965054
0530087    33866EUR2 00020611063B1041225     RIBFR7611689007000065678400832          CITIFRPP
0530087    33866EUR2 00020611063B1041225     NOMXEROX FINANCIAL SERVICES           INTERFREIGHT FRANC
0530087    33866EUR2 00020611063B1041225     NBEXEROX FINANCIAL SERVICES
0530087    33866EUR2 00020611063B1041225     IBEFR68ZZZ469818
0530087    33866EUR2 00020611063B1041225     NPYINTERFREIGHT FRANC
0530087    33866EUR2 00020611063B1041225     LCC3965054
0530087    33866EUR2 00020611063B1041225     RCN3965054
0530087    33866EUR2 00020611063B1041225     REFCITISEPA261125002156510000086
0530087    33866EUR2 00020611063B1041225     RUMFR30PF2125131
0530087    33866EUR2 00020611063B1041225     CPYFR7630087338660002061360133
0730087    33866EUR2 00020611063  041225                                                  0000000177284G
0130087    33863EUR2 00020491021  031225TECHNIQUES ET NORMES DE COUVERT  COMPTE COURANT   0000000543365D031225041225
0430087901333863EUR2 0002049102106041225  041225VIR SEPA SCI RONIE               0000000000000000008800}
0530087    33863EUR2 0002049102106041225     LIBC24V25338L013609
0530087    33863EUR2 0002049102106041225     NOML INTEMPOREL
0530087    33863EUR2 0002049102106041225     NPYL INTEMPOREL
0430087930533863EUR2 0002049102118041225  041225VIR ASP AGENCE COMPTABLE         0000000 00000000004166F
0530087    33863EUR2 0002049102118041225     LIB1D0750000155846424-TEL---024069
0530087    33863EUR2 0002049102118041225     LIBSTERE DU TRAVAIL AIDE UNIQUE APPREN
0530087    33863EUR2 0002049102118041225     NOMASP AGENCE COMPTABLE               L INTEMPOREL
0530087    33863EUR2 0002049102118041225     NBEL INTEMPOREL
0530087    33863EUR2 0002049102118041225     NPYASP AGENCE COMPTABLE
0530087    33863EUR2 0002049102118041225     NBUINTEMPOREL
0530087    33863EUR2 0002049102118041225     LCC155846424 AUEA AUEA04064798760 MINISTERE DU TRAVAIL AIDE UNIQUE APPREN
0530087    33863EUR2 0002049102118041225     LC2TI INTEMPOREL
0530087    33863EUR2 0002049102118041225     RCN1D0750000155846424-TEL---0240697836
0530087    33863EUR2 0002049102118041225     CBEFR7630087338630002049120136
0430087039033863EUR2 0002049102130041225  081225CB00165 0005 7366635             0800165 00000000004220{
0430087039033863EUR2 0002049102130041225  081225CB00164 0012 7366635             0800164 00000000003110{
0430087039733863EUR2 0002049102162041225  081225COM0164 0012 7366635             0800164100000000000011J
0430087039733863EUR2 0002049102162041225  081225COM0165 0005 7366635             0800165100000000000014Q
0430087930533863EUR2 0002049102118041225  041225VIR STRIPE                       0000000 00000000002212C
0530087    33863EUR2 0002049102118041225     LIBPAIEMENTS-53L7LAPL4NYGW6U9D7Z4R
0530087    33863EUR2 0002049102118041225     NOMSTRIPE                             LINTEMPOREL COIFFURE N A BEAUTE CHA
0530087    33863EUR2 0002049102118041225     NBELINTEMPOREL COIFFURE N A BEAUTE CHAMPAGNE SUR SEINE
0530087    33863EUR2 0002049102118041225     NPYSTRIPE
0530087    33863EUR2 0002049102118041225     LCCPAIEMENTS EN LIGNE PLANITY
0530087    33863EUR2 0002049102118041225     RCNPAIEMENTS-53L7LAPL4NYGW6U9D7Z4RVLLJ
0530087    33863EUR2 0002049102118041225     REFCITISEPA041225000820410013159
0530087    33863EUR2 0002049102118041225     CBEFR7630087338630002049120136
0430087038133863EUR2 0002049102128041225  041225PAIEMENT CB  0212 PAYLI2441535/  2441535000000000000329}
0530087    33863EUR2 0002049102128041225     LIBAMAZON PAYMENTS  CARTE 3068
0730087    33863EUR2 00020491021  041225                                                  0000000547919D
0130087    33863EUR2 00020491015  031225PROLIFIK RECORDS              PROLIFIK RECORDS    0000000043987G031225041225
0430087901333863EUR2 0002049101518041225  041225LOYER                            0000000 00000000008800{
0530087    33863EUR2 0002049101518041225     LIBC24V25338L013609
0530087    33863EUR2 0002049101518041225     RIBFR7630087338630002049120136
0530087    33863EUR2 0002049101518041225     NOML INTEMPOREL                       SCI RONIE
0530087    33863EUR2 0002049101518041225     NBESCI RONIE
0530087    33863EUR2 0002049101518041225     NPYL INTEMPOREL
0530087    33863EUR2 0002049101518041225     LCCLOYER
0530087    33863EUR2 0002049101518041225     RCNLOYER
0730087    33863EUR2 00020491015  041225                                                  0000000052787G