0119106    00015EUR2 44700092044  031225LA PAUSE DETENTE                 COMPTE COURANT   0000000128093A  233
0719106    00015EUR2 44700092044  041225        ------------------------------            0000000128093A
0116606    00001EUR2 84881930507  031225PHI & AL                         COMPTE COURANT   0000000052127H  233
0716606    00001EUR2 84881930507  041225        ------------------------------            0000000052127H
0116106    00021EUR2 86409199433  031225MLLE PODEVIN PASCALE             LA CORVETTE      0000000018678I  233
0416106000000021EUR2E8640919943305041225  031225DE M.       VIAUD GREGORY        0000000100000000011000{
0516106    00021EUR2 8640919943305041225     NPYM.       VIAUD GREGORY
0516106    00021EUR2 8640919943305041225     NBESCI GMM DU NORD - DAV
0516106    00021EUR2 8640919943305041225     RCNLOYER SCI GMM DU NORD
0516106    00021EUR2 8640919943305041225     LIBAGRIFRPP861
0516106    00021EUR2 8640919943305041225     MMOEUR200000000110000
0516106    00021EUR2 8640919943305041225     CBEFR7616106000218640919334924
0716106    00021EUR2 86409199433  041225                                                  0000000029678I
0116606    00001EUR2 84870140652  031225SAS NOOSA PIZZA   SERVAIS INGRID COMPTE COURANT   0000000058573E  233
0716606    00001EUR2 84870140652  041225        ------------------------------            0000000058573E
0116606    00001EUR2 84857750987  031225AGP RENOVATION                   COMPTE COURANT   0000000091536G  233
0716606    00001EUR2 84857750987  041225        ------------------------------            0000000091536G
0116106    00021EUR2 86405041234  031225TREXSO                           COMPTE COURANT   0000000005633N  233
0416106000000021EUR2E8640504123405041225  041225VIR CPAM ROUBAIX-TOURCOING 0000  1251203100000000016208I
0516106    00021EUR2 8640504123405041225     NPYCPAM ROUBAIX-TOURCOING
0516106    00021EUR2 8640504123405041225     NBEVIAUD GREGORY
0516106    00021EUR2 8640504123405041225     LCC0000005970123923367171251203
0516106    00021EUR2 8640504123405041225     RCN0000005970123923367171251203
0516106    00021EUR2 8640504123405041225     LIBCMCIFRPAXXX
0516106    00021EUR2 8640504123405041225     MMOEUR200000000162089
0416106000000021EUR2E8640504123405041225  041225VIR CPAM DE LILLE-DOUAI CFCM 00  1251203100000000002426C
0516106    00021EUR2 8640504123405041225     NPYCPAM DE LILLE-DOUAI CFCM
0516106    00021EUR2 8640504123405041225     NBEVIAUD GREGORY
0516106    00021EUR2 8640504123405041225     LCC0000005970123923365671251203
0516106    00021EUR2 8640504123405041225     RCN0000005970123923365671251203
0516106    00021EUR2 8640504123405041225     LIBCMCIFRPAXXX
0516106    00021EUR2 8640504123405041225     MMOEUR200000000024263
0416106000000021EUR2E86405041234C2041225  041225VIR INST DE MME FRANCOISE ALDEB  0000000100000000001678F
0516106    00021EUR2 86405041234C2041225     NPYMME FRANCOISE ALDEBERT
0516106    00021EUR2 86405041234C2041225     NBEVIAUD GREGORY KINE
0516106    00021EUR2 86405041234C2041225     LCCSOINS F ALDEBERT
0516106    00021EUR2 86405041234C2041225     RCNSOINS F ALDEBERT
0516106    00021EUR2 86405041234C2041225     REF31000000311C5C0004000000404D5347   5CC5D241C9F94FA9B90575788C2D83E0
0516106    00021EUR2 86405041234C2041225     CBEFR7616106000218640504432168
0716106    00021EUR2 86405041234  041225                                                  0000000014680C