0118079    44255EUR2 02863280452  021225SIVASOORIYALINGAM SIVALOGINI     COMPTE COURANT   0000000139719C0000
0718079    44255EUR2 02863280452  031225                                                  0000000139719C
0118079    44255EUR2 02378420485  021225SCP MBA                          COMPTE COURANT   0000000142644A0000
0718079    44255EUR2 02378420485  031225                                                  0000000142644A
0118079    44255EUR2 02378470404  021225BREIZH EXOTIK EPICERIE                            0000001034755B0000
0418079    44255EUR2E0237847040405031225  031225VIR MLE CINDY FALG               00000001 0000000004119{
0518079    44255EUR2 0237847040405031225     NPYMLE CINDY FALGUIER CARPENTIER  S
0518079    44255EUR2 0237847040405031225     LCCVIR DE MLE CINDY FALGUIER CARPENTIE
0518079    44255EUR2 0237847040405031225     RCNVU5336499DK35T01
0718079    44255EUR2 02378470404  031225                                                  0000001038874B
0116606    03011EUR2 00149459114  021225DUMAS JULIETTE                                    0000000036487I  134
0716606    03011EUR2 00149459114  031225        ------------------------------            0000000036487I
0116606    00043EUR2 84866330594  021225DUMAS JULIETTE                                    0000000106922L  232
0416606007500043EUR2E8486633059408021225  051225ASSU. CAAE PRET PROFESSION.12/2  0000000100000000000995M
0416606002600043EUR2E8486633059406031225  031225WEB ARMELLE GERMAIN              0000000000000000030000}
0516606    00043EUR2 8486633059406031225     NPYG.A.E.C. MONTECOUPLARD
0516606    00043EUR2 8486633059406031225     NBEARMELLE GERMAIN
0516606    00043EUR2 8486633059406031225     LIBAGRIFRPP866
0516606    00043EUR2 8486633059406031225     MMOEUR200000000300000
0516606    00043EUR2 8486633059406031225     CBEFR7616606000434353861811159
0416606000000043EUR2E8486633059405031225  031225VIR ASP 061036336-737992-202512  0251203100000000008257I
0516606    00043EUR2 8486633059405031225     NPYASP
0516606    00043EUR2 8486633059405031225     NBEGAEC MONTECOUPLARD
0516606    00043EUR2 8486633059405031225     LCCAIDES PAC 2025   061036336 737992 GAEC MONTECOUPLARD
0516606    00043EUR2 8486633059405031225     RCN061036336-737992-20251203
0516606    00043EUR2 8486633059405031225     LIBAGRIFRPP882
0516606    00043EUR2 8486633059405031225     MMOEUR200000000082579
0716606    00043EUR2 84866330594  031225                                                  0000000129659Q
0116606    53350EUR2 70115111007  021225V2M AVENIR                       COMPTE COURANT   0000005773755H  232
0716606    53350EUR2 70115111007  031225        ------------------------------            0000005773755H
0118079    75337EUR2 02150880432  021225DE FI CO                                          0000001923971C0000
0418079    75337EUR2E0215088043205031225  031225VIR CPAM 75 PRESTA               00000001 0000000064199B
0518079    75337EUR2 0215088043205031225     NPYCPAM 75 PRESTATIONS
0518079    75337EUR2 0215088043205031225     LCC0000007517073243314730251202
0518079    75337EUR2 0215088043205031225     RCN0000007517073243314730251202
0418079    75337EUR2E0215088043205031225  031225VIR CPAM 93                      00000001 0000000000600{
0518079    75337EUR2 0215088043205031225     NPYCPAM 93
0518079    75337EUR2 0215088043205031225     LCC0000007517073243351393251202
0518079    75337EUR2 0215088043205031225     RCN0000007517073243351393251202
0418079    75337EUR2E0215088043205031225  031225VIR CPAM 94                      00000001 0000000000230{
0518079    75337EUR2 0215088043205031225     NPYCPAM 94
0518079    75337EUR2 0215088043205031225     LCC0000007517073243350731251202
0518079    75337EUR2 0215088043205031225     RCN0000007517073243350731251202
0718079    75337EUR2 02150880432  031225                                                  0000001989000E
0118079    44255EUR2 02378110471  021225CR OPTIQUE                       COMPTE COURANT   0000003969190C0000
0718079    44255EUR2 02378110471  031225                                                  0000003969190C