0116906    00028EUR2 87052423549  011225CM MARECHALERIE                  COMPTE COURANT   0000000036081D  231
0416906005200028EUR2E8705242354911021225  021225CARTE X0850 LE FOURNIL DE CH ST  0000000000000000000043N
0416906005200028EUR2E8705242354911021225  021225CARTE X0850 MONOP  2075 SAINT24  0000000000000000000025N
0416906005200028EUR2E8705242354911021225  021225CARTE X0850 ON PARTICIPE ASNIER  0000000000000000000200}
0716906    00028EUR2 87052423549  021225                                                  0000000035812D
0116606    00048EUR2 48503511111  011225AGENCE LOCALE D               ALEC SUD PARISIENNE 0000000042403B  231
0416606005000048EUR2E48503511111B1021225  021225MACSF-ASSU-                      0000000000000000002895}
0516606    00048EUR2 48503511111B1021225     NBEMACSF-ASSU-
0516606    00048EUR2 48503511111B1021225     IBEFR10ZZZ611997                      SEPA
0516606    00048EUR2 48503511111B1021225     NPYDR  FERRERO PASCAL
0516606    00048EUR2 48503511111B1021225     REF303474513                          2025-12-01-08.36.08.521598Z
0516606    00048EUR2 48503511111B1021225     LCCPRELEVEMENT GLOBAL MACSF ASSURANCES
0516606    00048EUR2 48503511111B1021225     RUM00MACSF-ASSU-0000000000000000490264RCUR
0516606    00048EUR2 48503511111B1021225     CPYFR7616606000484850351111108
0716606    00048EUR2 48503511111  021225                                                  0000000039508B
0116906    30023EUR2 87046633179  011225DUMAS JULIETTE                                    0000000122826H  231
0716906    30023EUR2 87046633179  021225        ------------------------------            0000000122826H