0116958    00001EUR2 81164564927  021225SCP MBA                          COMPTE COURANT   0000000144121D
0416958    00001EUR2 8116456492711041225  041225REXEL BELGIUM                             0000000002781R
0516958    00001EUR2 8116456492711041225     LIBCARTE ***0561
0416958    00001EUR2 8116456492711041225  041225MAUBEUG 5DB 5Q9                           0000000000274P
0516958    00001EUR2 8116456492711041225     LIBCARTE ***0561
0716958    00001EUR2 81164564927  041225                                                  0000000141064H
0116958    00001EUR2 08601017196  031225** PAS DE MOUVEMENT CE JOUR **                    0000000172397H
0416958    00001EUR2 0860101719611041225  041225LICIEL ENVIRONNE                          0000000000816}
0516958    00001EUR2 0860101719611041225     LIBCARTE ***7009
0416958    00001EUR2 0860101719605041225  041225AK IMMOBILIER                             0000000000890{
0516958    00001EUR2 0860101719605041225     LIBDEPRET DIAG FA25/1581
0416958    00001EUR2 0860101719605041225  041225AK IMMOBILIER                             0000000001990{
0516958    00001EUR2 0860101719605041225     LIBDIAG HAMIMI FA25/1570
0416958    00001EUR2 0860101719605041225  041225SCI LES PETITS LOUPS                      0000000002680{
0516958    00001EUR2 0860101719605041225     LIBVIR DE SCI LES PETITS LOUPS
0716958    00001EUR2 08601017196  041225                                                  0000000177141H
0116958    00001EUR2 94841348425  031225LA FERME                         COMPTE COURANT   0000000407454B
0416958    00001EUR2 9484134842511041225  041225MON BRICO                                 0000000000898N
0516958    00001EUR2 9484134842511041225     LIBCARTE ***8687
0716958    00001EUR2 94841348425  041225                                                  0000000406555G