0118079    60167EUR2 02590440468  031225DOCTEUR CHRISTOPHE LEFEVRE SELAR                  0000000000139C0000
0718079    60167EUR2 02590440468  041225                                                  0000000000139C
0118079    60167EUR2 02588930433  031225SARL AGENCE DIAG EXPERT          COMPTE COURANT   0000000039728B0000
0418079    60167EUR2E0258893043328041225  041225CARTE 03/12 BC2M PONT STE MAXE   00000000 0000000002150}MCC 5511 CONCESS
0518079    60167EUR2 0258893043328041225     LIBMCC 5511 CONCESSI EUR    215 00
0518079    60167EUR2 0258893043328041225     LIB4971330007221011000
0418079    60167EUR2E0258893043301041225  031225CHQ 1819625                      18196250 0000000012572N
0518079    60167EUR2 0258893043301041225     LIBD080051819625
0718079    60167EUR2 02588930433  041225                                                  0000000025005G