0116606    03011EUR2 00149459114  031225DUMAS JULIETTE                                    0000000036487I  135
0716606    03011EUR2 00149459114  041225        ------------------------------            0000000036487I
0116606    00043EUR2 84866330594  031225DUMAS JULIETTE                                    0000000129659Q  233
0416606000000043EUR2E8486633059405041225  041225VIR ASP 061036336-737991-202512  0251203100000000098530E
0516606    00043EUR2 8486633059405041225     NPYASP
0516606    00043EUR2 8486633059405041225     NBEGAEC MONTECOUPLARD
0516606    00043EUR2 8486633059405041225     LCCAIDES PAC 2025   061036336 737991 GAEC MONTECOUPLARD
0516606    00043EUR2 8486633059405041225     RCN061036336-737991-20251203
0516606    00043EUR2 8486633059405041225     LIBAGRIFRPP882
0516606    00043EUR2 8486633059405041225     MMOEUR200000000985305
0716606    00043EUR2 84866330594  041225                                                  0000000031129L
0116606    53350EUR2 70115111007  031225V2M AVENIR                       COMPTE COURANT   0000005773755H  233
0716606    53350EUR2 70115111007  041225        ------------------------------            0000005773755H