0130066    10916EUR2 00020111032  011225T P C                            COMPTE COURANT   0000003488498E021225021225
0430066900210916EUR2 0002011103206021225  021225VIR DIV HD                       0000000000000000100000}
0430066900210916EUR2 0002011103206021225  021225VIR DIV HD                       0000000000000000100000}
0730066    10916EUR2 00020111032  021225                                                  0000003288498E
0130027    17041EUR2 00020281037  011225GROUPE EMON                      COMPTE COURANT   0000000044396G021225021225
0730027    17041EUR2 00020281037  021225                                                  0000000044396G
0110278    08858EUR2 00071040424  011225SCI DE L'ALISIER                 COMPTE COURANT   0000000259278F021225021225
0410278930508858EUR2 0007104042418021225  021225VIR MLLE MANON GABORIT           0000000 00000000004400{
0510278    08858EUR2 0007104042418021225     LIB10278-20-25336080029328
0510278    08858EUR2 0007104042418021225     NOMMLLE MANON GABORIT                 SCI LES JARDIS
0510278    08858EUR2 0007104042418021225     NBESCI LES JARDIS
0510278    08858EUR2 0007104042418021225     NPYMLLE MANON GABORIT
0510278    08858EUR2 0007104042418021225     LCCLOYER DECEMBRE 2025
0510278    08858EUR2 0007104042418021225     RCN10278-20-25336080029328
0510278    08858EUR2 0007104042418021225     CBEFR7610278088580007104424033
0710278    08858EUR2 00071040424  021225                                                  0000000263678F
0115519    39013EUR2 00021221097  011225PHI & AL                         COMPTE COURANT   0000000043267H021225021225
0715519    39013EUR2 00021221097  021225                                                  0000000043267H
0130027    17024EUR2 00080091027  011225SAS MEL                          COMPTE COURANT   0000000022410H021225021225
0730027    17024EUR2 00080091027  021225                                                  0000000022410H
0130047    14670EUR2 00022571044  011225CSE STOKOMANI OEUVRES SOCIALES   COMPTE COURANT   0000000053738D021225021225
0730047    14670EUR2 00022571044  021225                                                  0000000053738D
0130047    14670EUR2 00022581040  011225NORTRADE INTERNATIONAL           COMPTE COURANT   0000001883365I021225021225
0430047907814670EUR2 00022581040C2021225  021225VIR INST SCI LE VIJACOM          0000000 00000000280000{
0530047    14670EUR2 00022581040C2021225     LIBLE VIJACOM
0530047    14670EUR2 00022581040C2021225     NOMSCI LE VIJACOM                     SARL DES ETANGS
0530047    14670EUR2 00022581040C2021225     NBESARL DES ETANGS
0530047    14670EUR2 00022581040C2021225     NPYSCI LE VIJACOM
0530047    14670EUR2 00022581040C2021225     LCCLE VIJACOM
0530047    14670EUR2 00022581040C2021225     RCNREMBOURSEMENT COMPTE COURANT
0730047    14670EUR2 00022581040  021225                                                  0000002163365I
0110278    07380EUR2 00020671093  011225LA PAUSE DETENTE                 COMPTE COURANT   0000000075499H021225021225
0410278900207380EUR2 0002067109306021225  021225VIR SEPA SOLDES FACTURE          0000000000000000019167Q
0710278    07380EUR2 00020671093  021225                                                  0000000056332{
0130027    17005EUR2 00021111053  011225S.A.R.L LES FLEURS DE L AVEN                      0000000028070B021225021225
0430027930517005EUR2 0002111105318021225  021225VIR MR AUVIN GAUTIER             0000000 00000000009000{
0530027    17005EUR2 0002111105318021225     LIBREFERENCE NON TRANSMISE
0530027    17005EUR2 0002111105318021225     LIBARTOIS. AUVIN-RYCKEBUSCH
0530027    17005EUR2 0002111105318021225     NOMMR AUVIN GAUTIER                   SCI SFL
0530027    17005EUR2 0002111105318021225     NBESCI SFL
0530027    17005EUR2 0002111105318021225     NPYMR AUVIN GAUTIER
0530027    17005EUR2 0002111105318021225     LCCLOYER MENSUEL DU LOGEMENT 40 RUE D ARTOIS. AUVIN-RYCKEBUSCH
0530027    17005EUR2 0002111105318021225     RCNREFERENCE NON TRANSMISE
0530027    17005EUR2 0002111105318021225     CBEFR7630027170050002111350191
0730027    17005EUR2 00021111053  021225                                                  0000000037070B
0115489    04812EUR2 00025551012  011225JOBDOCTOR                     JOBDOCTOR SAS       0000000181669D021225021225
0715489    04812EUR2 00025551012  021225                                                  0000000181669D
0130027    17241EUR2 00023131031  011225NORTRADE INTERNATIONAL           COMPTE COURANT   0000000070518I021225021225
0730027    17241EUR2 00023131031  021225                                                  0000000070518I
0110278    37330EUR2 00012401095  011225SCI EMPREINTES                   COMPTE COURANT   0000000016715C021225021225
0410278930537330EUR2 0001240109518021225  021225VIR NEW COLOR                    0000000 00000000012000{
0510278    37330EUR2 0001240109518021225     LIB202512011631582530027
0510278    37330EUR2 0001240109518021225     NOMNEW COLOR                          SCI LES GRANDS PEUPLIERS
0510278    37330EUR2 0001240109518021225     NBESCI LES GRANDS PEUPLIERS
0510278    37330EUR2 0001240109518021225     NPYNEW COLOR
0510278    37330EUR2 0001240109518021225     LCCVIREMENT DE NEW COLOR
0510278    37330EUR2 0001240109518021225     RCN202512011631582530027
0510278    37330EUR2 0001240109518021225     REFT253360004528127
0510278    37330EUR2 0001240109518021225     CBEFR7610278373300001240590132
0710278    37330EUR2 00012401095  021225                                                  0000000028715C
0130047    14655EUR2 00020861078  011225R&S GROUP                        CCE R&S GROUP    0000000304415B021225021225
0730047    14655EUR2 00020861078  021225                                                  0000000304415B
0130027    17263EUR2 00020991036  011225STOORM                           CCE STOORM       0000001563166{021225021225
0430027915617263EUR2 00020991036A1021225  021225VOTRE REMISE PRELEVMT DU 011225  0000000 00000000007384{
0530027    17263EUR2 00020991036A1021225     LIBPREL FB F 2025-10-32 IM OPTIC
0430027915617263EUR2 00020991036A1021225  021225VOTRE REMISE PRELEVMT DU 011225  0000000 00000000008755H
0530027    17263EUR2 00020991036A1021225     LIBPREL FB F 2025-10-58 MAISON AQU
0430027915617263EUR2 00020991036A1021225  021225VOTRE REMISE PRELEVMT DU 011225  0000000 00000000007968{
0530027    17263EUR2 00020991036A1021225     LIBPREL FB F 2025-10-16 SHELLY
0430027915617263EUR2 00020991036A1021225  021225VOTRE REMISE PRELEVMT DU 011225  0000000 00000000018218C
0530027    17263EUR2 00020991036A1021225     LIBPREL FB F 2025-10-49 SHELLY
0430027915617263EUR2 00020991036A1021225  021225VOTRE REMISE PRELEVMT DU 011225  0000000 00000000032955B
0530027    17263EUR2 00020991036A1021225     LIBPREL FB F 2025-10-42 RB OPTIC
0430027915617263EUR2 00020991036A1021225  021225VOTRE REMISE PRELEVMT DU 011225  0000000 00000000011688I
0530027    17263EUR2 00020991036A1021225     LIBPREL FB F 2025-10-41 OPTIQUE NO
0430027915617263EUR2 00020991036A1021225  021225VOTRE REMISE PRELEVMT DU 011225  0000000 00000000011278F
0530027    17263EUR2 00020991036A1021225     LIBPREL FB F 2025-10-40 OPTIKA VUE
0430027915617263EUR2 00020991036A1021225  021225VOTRE REMISE PRELEVMT DU 011225  0000000 00000000005050H
0530027    17263EUR2 00020991036A1021225     LIBPREL FB F 2025-10-39 OPTICZIA
0430027915617263EUR2 00020991036A1021225  021225VOTRE REMISE PRELEVMT DU 011225  0000000 00000000047481C
0530027    17263EUR2 00020991036A1021225     LIBPREL FB F 2025-10-38 MLSJ
0430027915617263EUR2 00020991036A1021225  021225VOTRE REMISE PRELEVMT DU 011225  0000000 00000000006521A
0530027    17263EUR2 00020991036A1021225     LIBPREL FB F 2025-10-37 MARCEL
0430027915617263EUR2 00020991036A1021225  021225VOTRE REMISE PRELEVMT DU 011225  0000000 00000000000347A
0530027    17263EUR2 00020991036A1021225     LIBPREL FB F 2025-10-56 LH OPTIC
0430027915617263EUR2 00020991036A1021225  021225VOTRE REMISE PRELEVMT DU 011225  0000000 00000000013304D
0530027    17263EUR2 00020991036A1021225     LIBPREL FB F 2025-10-35 LH OPTIC
0430027915617263EUR2 00020991036A1021225  021225VOTRE REMISE PRELEVMT DU 011225  0000000 00000000010188G
0530027    17263EUR2 00020991036A1021225     LIBPREL FB F 2025-10-34 LAUDONIEN
0430027915617263EUR2 00020991036A1021225  021225VOTRE REMISE PRELEVMT DU 011225  0000000 00000000016402H
0530027    17263EUR2 00020991036A1021225     LIBPREL FB F 2025-10-27 OPTICAL CH
0430027915617263EUR2 00020991036A1021225  021225VOTRE REMISE PRELEVMT DU 011225  0000000 00000000040288H
0530027    17263EUR2 00020991036A1021225     LIBPREL FB F 2025-10-25 OPTIC BASI
0430027915617263EUR2 00020991036A1021225  021225VOTRE REMISE PRELEVMT DU 011225  0000000 00000000020058C
0530027    17263EUR2 00020991036A1021225     LIBPREL FB F 2025-10-24 ACC
0730027    17263EUR2 00020991036  021225                                                  0000001821058A
0130066    10016EUR2 00020151075  011225PHI & AL                         COMPTE COURANT   0000001320705E021225021225
0730066    10016EUR2 00020151075  021225                                                  0000001320705E
0110278    08858EUR2 00020141010  011225STA                              COMPTE COURANT   0000000871081F021225021225
0710278    08858EUR2 00020141010  021225                                                  0000000871081F
0130027    17280EUR2 00020321012  011225THOMAS FRUCHART FLEURISTE        COMPTE COURANT   0000000008486E021225021225
0430027930517280EUR2 0002032101218021225  021225VIR MSA DE PICARDIE              0000000 00000000001193F
0530027    17280EUR2 0002032101218021225     LIB2025112800000080601479 02601000
0530027    17280EUR2 0002032101218021225     NOMMSA DE PICARDIE                    HENOCQUE AURELIE
0530027    17280EUR2 0002032101218021225     NBEHENOCQUE AURELIE
0530027    17280EUR2 0002032101218021225     NPYMSA DE PICARDIE
0530027    17280EUR2 0002032101218021225     NPOMSA DE PICARDIE
0530027    17280EUR2 0002032101218021225     LCC2025112800000080601479 02601000
0530027    17280EUR2 0002032101218021225     RCN2025112800000080601479 02601000
0530027    17280EUR2 0002032101218021225     REFPMTDENATURE07OV5112806483
0530027    17280EUR2 0002032101218021225     CBEFR7630027172800002032210168
0730027    17280EUR2 00020321012  021225                                                  0000000009680A
0110278    37210EUR2 00012651041  011225SAS C G  AUTOMOBILES             COMPTE COURANT   0000002540010H021225021225
0710278    37210EUR2 00012651041  021225                                                  0000002540010H
0130027    17005EUR2 00057242083  011225MENILLET COURTAGE                COMPTE COURANT   0000000258309H021225021225
0730027    17005EUR2 00057242083  021225                                                  0000000258309H
0110278    02507EUR2 00020412096  011225SOCIETE CIVILE IMMOBILIERE IREM  COMPTE COURANT   0000000164998A021225021225
0710278    02507EUR2 00020412096  021225                                                  0000000164998A
0130047    14670EUR2 00022581050  011225SNC PERE ET FILS                 COMPTE COURANT   0000000360310F021225021225
0730047    14670EUR2 00022581050  021225                                                  0000000360310F
0130047    14236EUR2 00020431032  011225ATELIER 467                      COMPTE COURANT   0000000003440D021225021225
0730047    14236EUR2 00020431032  021225                                                  0000000003440D
0115519    39093EUR2 00023331059  011225AUTO STORY                       COMPTE COURANT   0000001130834G021225021225
0415519039039093EUR2 0002333105930021225  0312250622883 01 REM CB 011225         0800492 00000000000252D
0415519039039093EUR2 0002333105930021225  0312250622882 01 REM CB 011225         0800168 00000000000015{
0415519039039093EUR2 0002333105930021225  0312250622883 01 REM CB 011225         0800491 00000000000151A
0415519039039093EUR2 0002333105930021225  0312250591349 01 REM CB 011225         0591349 00000000037663H
0415519039739093EUR2 0002333105962021225  0312250622883 01 COM CBEURO 011225     0800491100000000000000Q
0415519039739093EUR2 0002333105962021225  0312250622882 01 COM CBEURO 011225     0800168100000000000000J
0415519039739093EUR2 0002333105962021225  0312250622883 01 COM CBEURO 011225     0800492100000000000001L
0415519039739093EUR2 0002333105962021225  0312250591349 01 COM CBEURO 011225     2030524100000000000136L
0415519021639093EUR2 0002333105904011225  011225VRST                REF39093A31  0000000 00000000005000{
0515519    39093EUR2 0002333105904011225     LIB                    P1150031596
0715519    39093EUR2 00023331059  021225                                                  0000001173778E
0110278    06022EUR2 00020761051  011225SC DIOT INVEST                   COMPTE COURANT   0000000745108F021225021225
0410278038106022EUR2 0002076105128011225  011225PAIEMENT CB  3011 SOISY SOUS MO  0000000000000000000849}
0510278    06022EUR2 0002076105128011225     LIBRELAIS DE MONTMO CARTE 3362
0410278038106022EUR2 0002076105128011225  011225PAIEMENT CB  2711 GENNEVILLIERS  0000000000000000000080Q
0510278    06022EUR2 0002076105128011225     LIBE.LECLERC        CARTE 3217
0410278038106022EUR2 0002076105128011225  011225PAIEMENT PSC 2811 EAUBONNE       0000000000000000000330}
0510278    06022EUR2 0002076105128011225     LIBMARMARIS         CARTE 3362
0410278916206022EUR2 00020761051B1021225  021225PRLV SEPA WTW FRANCE             0000000000000000000149R
0510278    06022EUR2 00020761051B1021225     LIBGARANTIE ECHANGE 24
0510278    06022EUR2 00020761051B1021225     RIBFR7616706050921641214830769          AGRIFRPP867
0510278    06022EUR2 00020761051B1021225     NOMWTW FRANCE                         GULDUR
0510278    06022EUR2 00020761051B1021225     NBEWTW FRANCE                          33 QUAI DE DION-BOUTON FR
0510278    06022EUR2 00020761051B1021225     IBEFR39ZZZ000957
0510278    06022EUR2 00020761051B1021225     NPYGULDUR
0510278    06022EUR2 00020761051B1021225     LCCGARANTIE ECHANGE 24
0510278    06022EUR2 00020761051B1021225     RCN00000ABG2512010000096911
0510278    06022EUR2 00020761051B1021225     RUMABGS0000000000000009691101546988
0510278    06022EUR2 00020761051B1021225     CPYFR7610278060220002076150115
0410278038106022EUR2 0002076105128011225  011225PAIEMENT CB  2811 SOISY 560444/  0000000000000000000647L
0510278    06022EUR2 0002076105128011225     LIBBP SOISY SOUS    CARTE 3362
0410278038106022EUR2 0002076105128011225  011225PAIEMENT CB  2911 PARIS          0000000000000000001210}
0510278    06022EUR2 0002076105128011225     LIBLES VOLCANS      CARTE 3362
0410278038106022EUR2 0002076105128011225  011225PAIEMENT PSC 3011 SOISY-SOUS-MO  0000000000000000000100}
0510278    06022EUR2 0002076105128011225     LIBGRENOUILLE ETIN  CARTE 3362
0410278038106022EUR2 0002076105128011225  011225PAIEMENT PSC 2911 SAINT-OUEN-SU  0000000000000000000200}
0510278    06022EUR2 0002076105128011225     LIBISTANBUL         CARTE 3362
0410278024006022EUR2 0002076105101021225  011225CHEQUE 5106482                   5106482000000000010000}
0410278026406022EUR2 0002076105107021225  021225EFFET DOMICILIE   RELEVE 352285  0000000000000000022386}
0410278038106022EUR2 0002076105128021225  021225PAIEMENT CB  2911 75010 PARIS    0000000000000000000099R
0510278    06022EUR2 0002076105128021225     LIBPIXPAY           CARTE 3217
0710278    06022EUR2 00020761051  021225                                                  0000000709055G
0130066    10191EUR2 00010701089  011225SARL PROXI SHOP                  COMPTE COURANT   0000000584995G021225021225
0730066    10191EUR2 00010701089  021225                                                  0000000584995G
0130047    14622EUR2 00020621082  011225INAYA BEAUTY                     COMPTE COURANT   0000000091191F021225021225
0430047038114622EUR2 0002062108228021225  021225PAIEMENT CB  2811 VENDOME        0000000000000000000961M
0530047    14622EUR2 0002062108228021225     LIBVENDO MOTOCULTUR CARTE 8545
0730047    14622EUR2 00020621082  021225                                                  0000000090230B
0110278    08858EUR2 00070730446  011225SCI EMPREINTES                   COMPTE COURANT   0000002447556G021225021225
0710278    08858EUR2 00070730446  021225                                                  0000002447556G
0110278    08858EUR2 00020542039  011225LA PAUSE S'IMPOSE                COMPTE COURANT   0000000015915H021225021225
0710278    08858EUR2 00020542039  021225                                                  0000000015915H
0110278    08858EUR2 00072161088  011225CABALOI                          COMPTE COURANT   0000000253847D021225021225
0710278    08858EUR2 00072161088  021225                                                  0000000253847D
0115489    04804EUR2 00073211085  011225MLE  COSPEREC  AUDREY            MLE  AUDREY COSPE0000000007175F021225021225
0415489080004804EUR2 0007321108562301125  011225 F FRAIS DE TENUE DE COMPTE      0000000100000000000021}
0715489    04804EUR2 00073211085  021225                                                  0000000007154F
0130047    14236EUR2 00020191071  011225SC CAE                           COMPTE COURANT   0000000765054{021225021225
0430047024014236EUR2 0002019107101021225  011225CHEQUE 3320029                   3320029000000000007800}
0730047    14236EUR2 00020191071  021225                                                  0000000757254{
0130027    17286EUR2 00023551078  011225RENAUD MARYVONNE                                  0000000030229H021225021225
0730027    17286EUR2 00023551078  021225                                                  0000000030229H
0130027    17241EUR2 00023081046  011225MGFH                             COMPTE COURANT   0000001538006E021225021225
0430027930517241EUR2 0002308104618021225  021225VIR ARCOMAT MOBILIER URBAIN      0000000 00000000002953H
0530027    17241EUR2 0002308104618021225     LIBLIFTEC
0530027    17241EUR2 0002308104618021225     NOMARCOMAT MOBILIER URBAIN            LIFTEC
0530027    17241EUR2 0002308104618021225     NBELIFTEC
0530027    17241EUR2 0002308104618021225     NPYARCOMAT MOBILIER URBAIN
0530027    17241EUR2 0002308104618021225     LCCARCOMAT 13549
0530027    17241EUR2 0002308104618021225     RCNLIFTEC
0530027    17241EUR2 0002308104618021225     CBEFR7630027172410002308640189
0430027930517241EUR2 0002308104618021225  021225VIR FARMEA SAS                   0000000 00000000059011B
0530027    17241EUR2 0002308104618021225     LIBFAF1125FR100169
0530027    17241EUR2 0002308104618021225     NOMFARMEA SAS                         LIFTEC SARL
0530027    17241EUR2 0002308104618021225     NBELIFTEC SARL
0530027    17241EUR2 0002308104618021225     NPYFARMEA SAS
0530027    17241EUR2 0002308104618021225     LCCFAF1125FR100169
0530027    17241EUR2 0002308104618021225     RCNFRMDOM3036788
0530027    17241EUR2 0002308104618021225     REF86
0530027    17241EUR2 0002308104618021225     CBEFR7630027172410002308640189
0730027    17241EUR2 00023081046  021225                                                  0000001599971E
0110278    37330EUR2 00013961092  011225AMBULANCES TLS                   COMPTE COURANT   0000000022253E021225021225
0410278916237330EUR2 00013961092B1021225  021225PRLV SEPA EPS                    0000000000000000000449M
0510278    37330EUR2 00013961092B1021225     LIBEPS  REF. 632630 FACTURE  ECHEA
0510278    37330EUR2 00013961092B1021225     LIB122025 NO S90658033
0510278    37330EUR2 00013961092B1021225     RIBFR7611899001380003762514572          CMCIFR2AXXX
0510278    37330EUR2 00013961092B1021225     NOMEPS                                TROUILLET PATRICK ET AGNES
0510278    37330EUR2 00013961092B1021225     NBEEPS
0510278    37330EUR2 00013961092B1021225     IBEFR13ZZZ262161
0510278    37330EUR2 00013961092B1021225     NPYTROUILLET PATRICK ET AGNES
0510278    37330EUR2 00013961092B1021225     LCCEPS  REF. 632630 FACTURE  ECHEANCE 122025 NO S90658033
0510278    37330EUR2 00013961092B1021225     RCN01959-000009171
0510278    37330EUR2 00013961092B1021225     REF01959-000009171
0510278    37330EUR2 00013961092B1021225     RUM  S0000632630-S-001
0510278    37330EUR2 00013961092B1021225     CPYFR7610278373300001396290167
0710278    37330EUR2 00013961092  021225                                                  0000000021804A
0110278    37430EUR2 00013481086  011225THOMAS FRUCHART FLEURISTE        COMPTE COURANT   0000000501496B021225021225
0710278    37430EUR2 00013481086  021225                                                  0000000501496B
0130027    16130EUR2 00020301083  011225ABC TELECOM                      COMPTE COURANT   0000000799722G021225021225
0730027    16130EUR2 00020301083  021225                                                  0000000799722G
0130047    14193EUR2 00037201039  011225DE FI CO                                          0000000468816H021225021225
0730047    14193EUR2 00037201039  021225                                                  0000000468816H
0130087    33790EUR2 00020461005  011225AU COEUR DES BEBES MAISON MEDICA COMPTE COURANT   0000000002450}021225021225
0730087    33790EUR2 00020461005  021225                                                  0000000002450}
0115489    04762EUR2 00087544048  011225RBL                           RBL                 0000000023345F021225021225
0715489    04762EUR2 00087544048  021225                                                  0000000023345F
0110278    07380EUR2 00020671004  011225MLLE PODEVIN PASCALE             LA CORVETTE      0000000099470B021225021225
0710278    07380EUR2 00020671004  021225                                                  0000000099470B
0130027    17026EUR2 00020242075  011225JLK INVEST                       COMPTE COURANT   0000000065233I021225021225
0730027    17026EUR2 00020242075  021225                                                  0000000065233I
0130027    17404EUR2 00011271003  011225MENILLET COURTAGE                COMPTE COURANT   0000000178864I021225021225
0730027    17404EUR2 00011271003  021225                                                  0000000178864I
0130047    14650EUR2 00020541022  011225RENAUD MARYVONNE                                  0000000025355F021225021225
0730047    14650EUR2 00020541022  021225                                                  0000000025355F
0130087    33809EUR2 00020851027  011225S.A.R.L LES FLEURS DE L AVEN                      0000000352852{021225021225
0430087916233809EUR2 00020851027B1021225  021225PRLV SEPA METRO FRANCE S.A.S.-M  0000000000000000006659K
0530087    33809EUR2 00020851027B1021225     LIB/INV/0066.004621
0530087    33809EUR2 00020851027B1021225     RIBFR7630003041700002019142943          SOGEFRPPXXX
0530087    33809EUR2 00020851027B1021225     NOMMETRO FRANCE S.A.S.-METRO FRANCE   GRAZIE MONTEVRAIN
0530087    33809EUR2 00020851027B1021225     NBEMETRO FRANCE S.A.S.-METRO FRANCE    NANTERRE
0530087    33809EUR2 00020851027B1021225     IBEFR17ZZZ452888
0530087    33809EUR2 00020851027B1021225     NPYGRAZIE MONTEVRAIN
0530087    33809EUR2 00020851027B1021225     LCC/INV/0066.004621
0530087    33809EUR2 00020851027B1021225     RCN03811265752026
0530087    33809EUR2 00020851027B1021225     REF03811265752026
0530087    33809EUR2 00020851027B1021225     RUMCMR000076019201
0530087    33809EUR2 00020851027B1021225     CPYFR7630087338090002085720113
0430087930533809EUR2 0002085102718021225  021225VIR TREEZOR                      0000000 00000000000110{
0530087    33809EUR2 0002085102718021225     LIBSOD-CCB-TRD-612695-20251130
0530087    33809EUR2 0002085102718021225     NOMTREEZOR                            GRAZIELLA
0530087    33809EUR2 0002085102718021225     NBEGRAZIELLA
0530087    33809EUR2 0002085102718021225     NPYTREEZOR
0530087    33809EUR2 0002085102718021225     RCNSOD-CCB-TRD-612695-20251130
0530087    33809EUR2 0002085102718021225     REFSOD-CCB-TRD-612695-20251130
0530087    33809EUR2 0002085102718021225     CBEFR7630087338090002085720113
0430087039033809EUR2 0002085102730021225  041225CB01229 0021 7198950             0801229 00000000008473C
0430087039033809EUR2 0002085102730021225  041225CB01224 0008 7198950             0801224 00000000006371G
0430087039033809EUR2 0002085102730021225  041225CB01223 0008 7198950             0801223 00000000006365{
0430087039033809EUR2 0002085102730021225  041225CB01228 0018 7198950             0801228 00000000005385{
0430087039733809EUR2 0002085102762021225  041225COM1228 0018 7198950             0801228100000000000033O
0430087039733809EUR2 0002085102762021225  041225COM1223 0008 7198950             0801223100000000000082P
0430087039733809EUR2 0002085102762021225  041225COM1224 0008 7198950             0801224100000000000064R
0430087039733809EUR2 0002085102762021225  041225COM1229 0021 7198950             0801229100000000000033Q
0430087907833809EUR2 00020851027C2021225  021225VIR INST CHECKOUT SAS            0000000 00000000008153{
0530087    33809EUR2 00020851027C2021225     LIBSUNDAY.0112AMONTEVRAIN
0530087    33809EUR2 00020851027C2021225     NOMCHECKOUT SAS                       GRAZIE MONTEVRAIN
0530087    33809EUR2 00020851027C2021225     NBEGRAZIE MONTEVRAIN
0530087    33809EUR2 00020851027C2021225     NPYCHECKOUT SAS
0530087    33809EUR2 00020851027C2021225     NPOSUNDAY
0530087    33809EUR2 00020851027C2021225     LCCSUNDAY.0112AMONTEVRAIN
0530087    33809EUR2 00020851027C2021225     RCNPAY-SWOHXUCLSNJENJMTCUS4FIZKFM
0430087930533809EUR2 0002085102718021225  021225VIR AMEX AMEXSCT949420417504933  7504933 00000000000613F
0530087    33809EUR2 0002085102718021225     LIBAMERICAN EXPRESS/SE9494204175/D
0530087    33809EUR2 0002085102718021225     LIB51129/TR1/GR63.00/DI-1.64
0530087    33809EUR2 0002085102718021225     NOMAMERICAN EXPRESS PAYMENTS EUROPE SLSARL GRAZIE MONTEVRAIN
0530087    33809EUR2 0002085102718021225     NBESARL GRAZIE MONTEVRAIN
0530087    33809EUR2 0002085102718021225     NPYAMERICAN EXPRESS PAYMENTS EUROPE SL
0530087    33809EUR2 0002085102718021225     LCCAMERICAN EXPRESS/SE9494204175/DT20251129/TR1/GR63.00/DI-1.64
0530087    33809EUR2 0002085102718021225     RCNAMEXSCT94942041750493354016037T39
0530087    33809EUR2 0002085102718021225     CBEFR7630087338090002085720113
0430087907833809EUR2 00020851027C2021225  021225VIR INST LS CONSEILS             0000000 00000000200000{
0530087    33809EUR2 00020851027C2021225     LIBAVOIR PARTICIPATION COMMERCIAL
0530087    33809EUR2 00020851027C2021225     LIBIE MONTEVRAIN
0530087    33809EUR2 00020851027C2021225     NOMLS CONSEILS                        GRAZIE MONTEVRAIN
0530087    33809EUR2 00020851027C2021225     NBEGRAZIE MONTEVRAIN
0530087    33809EUR2 00020851027C2021225     NPYLS CONSEILS
0530087    33809EUR2 00020851027C2021225     LCCAVOIR PARTICIPATION COMMERCIAL GRAZIE MONTEVRAIN
0530087    33809EUR2 00020851027C2021225     RCNAVOIR PARTICIPATION COM GRAZIE MONT
0430087038133809EUR2 0002085102728021225  021225PAIEMENT CB  0112 NOISY LE GRAN  0000000000000000001104L
0530087    33809EUR2 0002085102728021225     LIBCERTAS ESSOF271  CARTE 2187
0730087    33809EUR2 00020851027  021225                                                  0000000580345A
0115489    04762EUR2 00094082025  011225SCI FABRICE                      COMPTE COURANT   0000000245566B021225021225
0715489    04762EUR2 00094082025  021225                                                  0000000245566B
0130568    19923EUR2 00024614006  011225DEGRAEVE JULIEN                  COMPTE COURANT   0000000161721A021225021225
0430568080019923EUR2 0002461400662301125  011225F TENUE DE COMPTE-BANQUE PRIVEE  0000000100000000000150}
0430568916219923EUR2 00024614006B1021225  021225PRLV SEPA ASS.GESTION RESTAURAN  0000000000000000002120N
0530568    19923EUR2 00024614006B1021225     LIBD CEMBRE 2025
0530568    19923EUR2 00024614006B1021225     RIBFR1820041000010005052X02036          PSSTFRPPPAR
0530568    19923EUR2 00024614006B1021225     NOMASS.GESTION RESTAURANTS ASSEMBLEE NHUWART HAROLD
0530568    19923EUR2 00024614006B1021225     NBEASS.GESTION RESTAURANTS ASSEMBLEE N PARIS
0530568    19923EUR2 00024614006B1021225     IBEFR69ZZZ453310
0530568    19923EUR2 00024614006B1021225     NPYHUWART HAROLD
0530568    19923EUR2 00024614006B1021225     LCCD CEMBRE 2025
0530568    19923EUR2 00024614006B1021225     RCN000000000000027299251201053012
0530568    19923EUR2 00024614006B1021225     RUMAGRAN-00036116-001
0530568    19923EUR2 00024614006B1021225     CPYFR7630568199230002461600447
0430568038119923EUR2 0002461400628021225  021225PAIEMENT PSC 0112 NOGENT LE ROT  0000000000000000000299}
0530568    19923EUR2 0002461400628021225     LIBSNCF VOYAGEURS   CARTE 0663
0730568    19923EUR2 00024614006  021225                                                  0000000159151F
0130027    16048EUR2 00020592067  011225CSE STOKOMANI FONCTIONNEMENT     COMPTE COURANT   0000000982473I021225021225
0430027038116048EUR2 0002059206728011225  011225PAIEMENT PSC 2711 HONFLEUR       0000000000000000000286O
0530027    16048EUR2 0002059206728011225     LIBCARREFOUR        CARTE 7872
0430027038116048EUR2 0002059206728011225  011225PAIEMENT CB  2811 HONFLEUR       0000000000000000000176N
0530027    16048EUR2 0002059206728011225     LIBCARREFOUR        CARTE 3278
0430027039016048EUR2 0002059206730021225  041225REMCB00247 NB0013 TPE766035701   0800247 00000000002505{
0430027039716048EUR2 0002059206762021225  041225COMCB00247 NB0013 TPE766035701   0800247100000000000013M
0430027907516048EUR2 00020592067C1021225  021225VIR INST HEDAY NOVEMBRE          0000000000000000018429}
0530027    16048EUR2 00020592067C1021225     LIBVK53361EHSE7K601
0430027930516048EUR2 0002059206718021225  021225VIR BOOKING.COM B.V.             0000000 00000000001729A
0530027    16048EUR2 0002059206718021225     LIB2044151511
0530027    16048EUR2 0002059206718021225     NOMBOOKING.COM B.V.                   AU CLAIR DE LUNE
0530027    16048EUR2 0002059206718021225     NBEAU CLAIR DE LUNE
0530027    16048EUR2 0002059206718021225     NPYBOOKING.COM B.V.
0530027    16048EUR2 0002059206718021225     LCCNO.MCMKEDUC6OI5AVUH/ID.12605427
0530027    16048EUR2 0002059206718021225     RCN2044151511
0530027    16048EUR2 0002059206718021225     REFCITISEPA011225000935410021539
0530027    16048EUR2 0002059206718021225     CBEFR7630027160480002059760255
0430027026416048EUR2 0002059206707021225  021225EFFET DOMICILIE   RELEVE 081995  0000000000000000010055M
0430027038116048EUR2 0002059206728021225  021225PAIEMENT PSC 2911 HONFLEUR       0000000000000000000191O
0530027    16048EUR2 0002059206728021225     LIBCARREFOUR        CARTE 3278
0430027907516048EUR2 00020592067C1021225  021225VIR INST PIERRE FOUQUET          0000000000000000010000}
0530027    16048EUR2 00020592067C1021225     LIBVK533649CAEMEL01
0730027    16048EUR2 00020592067  021225                                                  0000000947555E
0115489    04823EUR2 00071831074  011225DR LAURENCE TRACQ                DOCTEUR LAURENCE 0000000124500D021225021225
0715489    04823EUR2 00071831074  021225                                                  0000000124500D
0110096    18038EUR2 00085683058  011225JOBDOCTOR                     JOBDOCTOR SAS       0000000499811C021225021225
0410096930518038EUR2 0008568305818021225  021225VIR VENTE-PRIVEE LOGISTIQUE      0000000 00000000010230{
0510096    18038EUR2 0008568305818021225     LIB2000002016
0510096    18038EUR2 0008568305818021225     NOMVENTE-PRIVEE LOGISTIQUE            PIZZUTO FRANCO (LA CHARMETTE)
0510096    18038EUR2 0008568305818021225     NBEPIZZUTO FRANCO (LA CHARMETTE)
0510096    18038EUR2 0008568305818021225     NPYVENTE-PRIVEE LOGISTIQUE
0510096    18038EUR2 0008568305818021225     LCC/INV/2502456 6.10.2025
0510096    18038EUR2 0008568305818021225     RCN2000002016
0510096    18038EUR2 0008568305818021225     REF01-FR0320000020162025
0510096    18038EUR2 0008568305818021225     CBEFR7610096180380008568850338
0410096930518038EUR2 0008568305818021225  021225VIR MGEN                         0000000 00000000001471D
0510096    18038EUR2 0008568305818021225     LIB0000000125160503286521251126
0510096    18038EUR2 0008568305818021225     NOMMGEN                               TAXIS DE LA CHARMETTE
0510096    18038EUR2 0008568305818021225     NBETAXIS DE LA CHARMETTE
0510096    18038EUR2 0008568305818021225     NPYMGEN
0510096    18038EUR2 0008568305818021225     LCC0000000125160503286521251126
0510096    18038EUR2 0008568305818021225     RCN0000000125160503286521251126
0510096    18038EUR2 0008568305818021225     REF2047351118519164592145170-2266
0510096    18038EUR2 0008568305818021225     CBEFR7610096180380008568850338
0410096025018038EUR2 0008568305802021225  031225REM CHQ            REF18182A03   0000000 00000000007110A000006
0710096    18038EUR2 00085683058  021225                                                  0000000518622H
0130047    14670EUR2 00022571034  011225SCI GHTE22600                                     0000000556325E021225021225
0730047    14670EUR2 00022571034  021225                                                  0000000556325E
0130047    14236EUR2 00020431022  011225CENTRE MUSICAL ET INITIATIVE     CENTRE MUSICAL ET0000000950312C021225021225
0730047    14236EUR2 00020431022  021225                                                  0000000950312C
0115519    39093EUR2 00023781052  011225LK DEVELOPPEMENT                 COMPTE COURANT   0000000084921G021225021225
0715519    39093EUR2 00023781052  021225                                                  0000000084921G
0130027    16003EUR2 00021275022  011225CLUB SMOKI                       COMPTE COURANT   0000000009997I021225021225
0730027    16003EUR2 00021275022  021225                                                  0000000009997I
0130027    16003EUR2 00021501054  011225EKITE                            CCE EKITE        0000000091309B021225021225
0730027    16003EUR2 00021501054  021225                                                  0000000091309B
0110278    08858EUR2 00020542099  011225JOURDIN STEPHANE                                  0000000003950H021225021225
0710278    08858EUR2 00020542099  021225                                                  0000000003950H
0130027    16003EUR2 00021271022  011225PAGE STEPHIE DOMINIQUE           COMPTE COURANT   0000000062940F021225021225
0430027011716003EUR2 0002127102262281125  281125 F COMMISSION D INTERVENTION     0000000100000000000198}
0730027    16003EUR2 00021271022  021225                                                  0000000062742F
0130027    16017EUR2 00043791036  011225TESSIER CHANTAL                                   0000000003300{021225021225
0730027    16017EUR2 00043791036  021225                                                  0000000003300{
0130027    17045EUR2 00020921046  011225EIRL DE FARIA PLOMBERIE          COMPTE COURANT   0000000126781A021225021225
0430027038117045EUR2 0002092104628011225  011225PAIEMENT CB  2911 PARIS 10       0000000000000000001740}
0530027    17045EUR2 0002092104628011225     LIBSNCF-VOYAGEURS   CARTE 2371
0430027038117045EUR2 0002092104628011225  011225PAIEMENT CB  3011 LILLE          0000000000000000006689}
0530027    17045EUR2 0002092104628011225     LIBIKEA LILLE       CARTE 2371
0430027038117045EUR2 0002092104628021225  021225PAIEMENT CB  3011 MARCQ EN BARO  0000000000000000000562P
0530027    17045EUR2 0002092104628021225     LIBREL.MARCQBAROEUL CARTE 2371
0730027    17045EUR2 00020921046  021225                                                  0000000117789D
0130027    17286EUR2 00020031049  011225AU COEUR DES BEBES MAISON MEDICA COMPTE COURANT   0000000198353F021225021225
0730027    17286EUR2 00020031049  021225                                                  0000000198353F
0110278    37330EUR2 00012221054  011225EIRL M ZHANG MARC                COMPTE COURANT   0000000003470G021225021225
0710278    37330EUR2 00012221054  021225                                                  0000000003470G
0130027    17280EUR2 00020081044  011225EIRL ECO BAT                     COMPTE COURANT   0000000137318H021225021225
0430027038117280EUR2 0002008104428011225  011225PAIEMENT CB  2811 GLISY          0000000000000000001003Q
0530027    17280EUR2 0002008104428011225     LIBPIGA             CARTE 3183
0430027907517280EUR2 00020081044C1021225  021225VIR INST PAIE NOVEMBRE2025       0000000000000000024000}
0530027    17280EUR2 00020081044C1021225     LIBVK53363NLU3MQZ01
0730027    17280EUR2 00020081044  021225                                                  0000000112315{
0115489    04762EUR2 00087541048  011225BCP SARL                                          0000000017701D021225021225
0415489038104762EUR2 0008754104828011225  011225PAIEMENT PSC 2811 LAVAL          0000000000000000000020}
0515489    04762EUR2 0008754104828011225     LIBLAVAL MAYENNE    CARTE 2539
0415489900604762EUR2 0008754104818021225  021225C.VENDEUR MENSUALITE5 NIMO       0000000 00000000090000{
0515489    04762EUR2 0008754104818021225     LIBVU53361RY9PW7D01
0515489    04762EUR2 0008754104818021225     NOME C B MAITRES D OEUVRE
0515489    04762EUR2 0008754104818021225     NPYE C B MAITRES D OEUVRE
0515489    04762EUR2 0008754104818021225     LCCC.VENDEUR MENSUALITE5 NIMO
0515489    04762EUR2 0008754104818021225     RCNC.VENDEUR MENSUALITE5 NIMO
0415489907804762EUR2 00087541048C2021225  021225VIR INST E C B MAITRES D OEUVRE  0000000 00000000026208{
0515489    04762EUR2 00087541048C2021225     LIBFA2511408NIMO
0515489    04762EUR2 00087541048C2021225     NOME C B MAITRES D OEUVRE             SARL NIMO - MONCEAU NICOLAS
0515489    04762EUR2 00087541048C2021225     NBESARL NIMO - MONCEAU NICOLAS
0515489    04762EUR2 00087541048C2021225     NPYE C B MAITRES D OEUVRE
0515489    04762EUR2 00087541048C2021225     LCCFA2511408NIMO
0515489    04762EUR2 00087541048C2021225     RCNFA2511408NIMO
0415489900204762EUR2 0008754104806021225  021225VIR C.VENDEUR MENSUALITE5 NIMO   0000000000000000090000}
0415489907504762EUR2 00087541048C1021225  021225VIR INST REMNICO                 0000000100000000005000}
0515489    04762EUR2 00087541048C1021225     LIBVU53361SEQB40901
0715489    04762EUR2 00087541048  021225                                                  0000000038889D
0130027    17070EUR2 00020862099  011225AU COEUR DES BEBES MAISON MEDICA COMPTE COURANT   0000000299784H021225021225
0430027930517070EUR2 0002086209918021225  021225VIR M AYMERICK VASSEUR           0000000 00000000003481E
0530027    17070EUR2 0002086209918021225     LIBZZ1JI0ZN72WN5BCMI
0530027    17070EUR2 0002086209918021225     NOMM AYMERICK VASSEUR                 HEY CONCIERGERIE
0530027    17070EUR2 0002086209918021225     NBEHEY CONCIERGERIE
0530027    17070EUR2 0002086209918021225     NPYM AYMERICK VASSEUR
0530027    17070EUR2 0002086209918021225     LCCFACTURE NOVEMBRE
0530027    17070EUR2 0002086209918021225     RCNZZ1JI0ZN72WN5BCMI
0530027    17070EUR2 0002086209918021225     CBEFR7630027170700002086990285
0430027930517070EUR2 0002086209918021225  021225VIR SCI BURO                     0000000 00000000002340{
0530027    17070EUR2 0002086209918021225     LIBZZ1JI0ZFMFYAD42X2
0530027    17070EUR2 0002086209918021225     NOMSCI BURO                           HEY CONCIERGERIE
0530027    17070EUR2 0002086209918021225     NBEHEY CONCIERGERIE
0530027    17070EUR2 0002086209918021225     NPYSCI BURO
0530027    17070EUR2 0002086209918021225     LCCFACTURE NOVEMBRE
0530027    17070EUR2 0002086209918021225     RCNZZ1JI0ZFMFYAD42X2
0530027    17070EUR2 0002086209918021225     CBEFR7630027170700002086990285
0430027930517070EUR2 0002086209918021225  021225VIR M ANDRIEU JEAN EUDES         0000000 00000000003567C
0530027    17070EUR2 0002086209918021225     LIBVIREMENT DE LOCATIF RUE DU LION
0530027    17070EUR2 0002086209918021225     NOMM ANDRIEU JEAN EUDES               HEY CONCIERGERIE
0530027    17070EUR2 0002086209918021225     NBEHEY CONCIERGERIE
0530027    17070EUR2 0002086209918021225     NPYM ANDRIEU JEAN EUDES
0530027    17070EUR2 0002086209918021225     LCCFACTURE F041225
0530027    17070EUR2 0002086209918021225     RCNVIREMENT DE LOCATIF RUE DU LION D O
0530027    17070EUR2 0002086209918021225     REFT253350009512418
0530027    17070EUR2 0002086209918021225     CBEFR7630027170700002086990285
0430027907817070EUR2 00020862099C2021225  021225VIR INST M.OU MME PLUQUIN DANIE  0000000 00000000005774{
0530027    17070EUR2 00020862099C2021225     NOMM.OU MME PLUQUIN DANIEL            HEY CONCIERGERIE
0530027    17070EUR2 00020862099C2021225     NBEHEY CONCIERGERIE
0530027    17070EUR2 00020862099C2021225     NPYM.OU MME PLUQUIN DANIEL
0530027    17070EUR2 00020862099C2021225     RCNF021225
0430027907817070EUR2 00020862099C2021225  021225VIR INST MLE ANNE-HELENE HARS    0000000 00000000001419B
0530027    17070EUR2 00020862099C2021225     LIBFRAIS HEY CONCIERGERIE/HARS/DUN
0530027    17070EUR2 00020862099C2021225     LIB115/NOV 2025
0530027    17070EUR2 00020862099C2021225     NOMMLE ANNE-HELENE HARS               HEY CONCIERGERIE
0530027    17070EUR2 00020862099C2021225     NBEHEY CONCIERGERIE
0530027    17070EUR2 00020862099C2021225     NPYMLE ANNE-HELENE HARS
0530027    17070EUR2 00020862099C2021225     LCCFRAIS HEY CONCIERGERIE/HARS/DUNEA C115/NOV 2025
0530027    17070EUR2 00020862099C2021225     RCNHARS/DUNEA C115/NOV 2025
0430027930517070EUR2 0002086209918021225  021225VIR SCI   LJCV                   0000000 00000000002449A
0530027    17070EUR2 0002086209918021225     LIBVIREMENT DE SCI LJCV
0530027    17070EUR2 0002086209918021225     NOMSCI   LJCV                         HEY CONCIERGERIE
0530027    17070EUR2 0002086209918021225     NBEHEY CONCIERGERIE
0530027    17070EUR2 0002086209918021225     NPYSCI   LJCV
0530027    17070EUR2 0002086209918021225     LCCVIREMENT DE SCI LJCV
0530027    17070EUR2 0002086209918021225     RCNVIREMENT DE SCI LJCV
0530027    17070EUR2 0002086209918021225     REFT253360005473073
0530027    17070EUR2 0002086209918021225     CBEFR7630027170700002086990285
0430027900617070EUR2 0002086209918021225  021225HEY F061225                      0000000 00000000001374{
0530027    17070EUR2 0002086209918021225     LIBVK53363PT87Y8L01
0530027    17070EUR2 0002086209918021225     NOMVUE MER
0530027    17070EUR2 0002086209918021225     NPYVUE MER
0530027    17070EUR2 0002086209918021225     LCCHEY F061225
0530027    17070EUR2 0002086209918021225     RCNHEY F061225
0430027907817070EUR2 00020862099C2021225  021225VIR INST STEFANINI ROMAIN OU SA  0000000 00000000001911{
0530027    17070EUR2 00020862099C2021225     LIBFRAIS GESTION APPARTEMENT
0530027    17070EUR2 00020862099C2021225     NOMSTEFANINI ROMAIN OU SARAH          HEY CONCIERGERIE
0530027    17070EUR2 00020862099C2021225     NBEHEY CONCIERGERIE
0530027    17070EUR2 00020862099C2021225     NPYSTEFANINI ROMAIN OU SARAH
0530027    17070EUR2 00020862099C2021225     LCCFRAIS GESTION APPARTEMENT
0530027    17070EUR2 00020862099C2021225     RCNFACTURE F231225
0430027038917070EUR2 0002086209962021225  021225FRAIS PAIE CB OP 133 62    EUR   0000000100000000000042}
0430027038117070EUR2 0002086209928021225  021225PAIEMENT CB  0112 133 62    EUR  0000000000000000001336K
0530027    17070EUR2 0002086209928021225     LIBLODGIFY          CARTE 9580
0730027    17070EUR2 00020862099  021225                                                  0000000320722G
0130027    17026EUR2 00020272041  011225ATELIER 467                      COMPTE COURANT   0000000055282{021225021225
0730027    17026EUR2 00020272041  021225                                                  0000000055282{
0110278    02702EUR2 00045625441  011225SARL AMANDINE JUIGNET            COMPTE COURANT   0000000018636C021225021225
0410278930502702EUR2 0004562544118021225  021225VIR ALMERYS                      0000000 00000000001511A
0510278    02702EUR2 0004562544118021225     LIB7P20T8620KTT
0510278    02702EUR2 0004562544118021225     LIB9104221-0098532001-4530-
0510278    02702EUR2 0004562544118021225     NOMALMERYS                            CAILLE ALINE
0510278    02702EUR2 0004562544118021225     NBECAILLE ALINE
0510278    02702EUR2 0004562544118021225     NPYALMERYS
0510278    02702EUR2 0004562544118021225     LCCTP-20251129-ALMERYS TP          -599104221-0098532001-4530-
0510278    02702EUR2 0004562544118021225     RCN7P20T8620KTT
0510278    02702EUR2 0004562544118021225     REFALMERYS TP
0510278    02702EUR2 0004562544118021225     CBEFR7610278027020004562144530
0710278    02702EUR2 00045625441  021225                                                  0000000020147D
0115489    04755EUR2 00094462022  011225J.C.R                            COMPTE COURANT   0000000078948F021225021225
0415489072204755EUR2 0009446202272021225  011225ECH PRET CAP IN 04755 944622 01  0000000100000000008189R
0715489    04755EUR2 00094462022  021225                                                  0000000070758G
0130047    14047EUR2 00022062044  011225SOCIETE CIVILE IMMOBILIERE IREM  COMPTE COURANT   0000000448631F021225021225
0430047038114047EUR2 0002206204428011225  011225PAIEMENT CB  2811 31 TOULOUSE    0000000000000000000137O
0530047    14047EUR2 0002206204428011225     LIBSIV CARTE GRISE  CARTE 1451
0430047025014047EUR2 0002206204402021225  031225REM CHQ N9490803  REF3004714047  4714047 00000000223517F000001
0730047    14047EUR2 00022062044  021225                                                  0000000672011F
0115489    04804EUR2 00047291073  011225SCI ACDB                         COMPTE COURANT   0000000007795A021225021225
0715489    04804EUR2 00047291073  021225                                                  0000000007795A
0130027    17041EUR2 00020231058  011225SCI DE L'ATELIER                 COMPTE COURANT   0000000174221B021225021225
0430027038117041EUR2 0002023105828011225  011225PAIEMENT CB  2811 GRANDE SYNTHE  0000000000000000000959R
0530027    17041EUR2 0002023105828011225     LIBAUCHAN 0011M     CARTE 4966
0430027072217041EUR2 0002023105872021225  011225ECH PRET CAP IN 17041 202385 15  0000000100000000002022Q
0530027    17041EUR2 0002023105872021225     LIBTAUX  3 65000 INT       31 93
0430027038117041EUR2 0002023105828021225  021225PAIEMENT CB  0112 DUNKERQUE      0000000000000000000499R
0530027    17041EUR2 0002023105828021225     LIBB ET M FRANCE    CARTE 4966
0430027038117041EUR2 0002023105828021225  021225PAIEMENT PSC 0112 GRANDE SYNTHE  0000000000000000000020}
0530027    17041EUR2 0002023105828021225     LIBORANGE ET VERT   CARTE 4966
0430027038117041EUR2 0002023105828021225  021225PAIEMENT PSC 2811 COUDEKERQUE-B  0000000000000000000204}
0530027    17041EUR2 0002023105828021225     LIBACTION 4046      CARTE 4966
0730027    17041EUR2 00020231058  021225                                                  0000000170514F
0130027    16130EUR2 00020261023  011225L'EPICURIEN                      COMPTE COURANT   0000000070808E021225021225
0430027930516130EUR2 0002026102318021225  021225VIR STRIPE TECHNOLOGY EUROPE     0000000 00000000006251{
0530027    16130EUR2 0002026102318021225     LIBST-AXR7U8WH9NZL
0530027    16130EUR2 0002026102318021225     NOMSTRIPE TECHNOLOGY EUROPE  LIMITED  R N A CO PRODUCTIONS
0530027    16130EUR2 0002026102318021225     NBER N A CO PRODUCTIONS
0530027    16130EUR2 0002026102318021225     NPYSTRIPE TECHNOLOGY EUROPE  LIMITED
0530027    16130EUR2 0002026102318021225     NPOSTRIPE
0530027    16130EUR2 0002026102318021225     LCCSTRIPE
0530027    16130EUR2 0002026102318021225     RCNST-AXR7U8WH9NZL
0530027    16130EUR2 0002026102318021225     CBEFR7630027161300002026320118
0430027930516130EUR2 0002026102318021225  021225VIR SARL  LA NOUVELLE SSEE       0000000 00000000002040{
0530027    16130EUR2 0002026102318021225     LIBREFERENCE NON TRANSMISE
0530027    16130EUR2 0002026102318021225     NOMSARL  LA NOUVELLE SSEE             STUDIO CALL
0530027    16130EUR2 0002026102318021225     NBESTUDIO CALL
0530027    16130EUR2 0002026102318021225     NPYSARL  LA NOUVELLE SSEE
0530027    16130EUR2 0002026102318021225     LCCFACTURE SC-F20259182
0530027    16130EUR2 0002026102318021225     RCNREFERENCE NON TRANSMISE
0530027    16130EUR2 0002026102318021225     REFT253360004645523
0530027    16130EUR2 0002026102318021225     CBEFR7630027161300002026320118
0730027    16130EUR2 00020261023  021225                                                  0000000079099E
0130027    16048EUR2 00020523083  011225MLE CLAIRE GUENERIN              COMPTE COURANT   0000000025549{021225021225
0730027    16048EUR2 00020523083  021225                                                  0000000025549{
0130027    16048EUR2 00020291011  011225SNC PERE ET FILS                 COMPTE COURANT   0000000150911I021225021225
0730027    16048EUR2 00020291011  021225                                                  0000000150911I
0130027    16048EUR2 00020281023  011225EL MANAR 2                       COMPTE COURANT   0000000633264I021225021225
0430027038116048EUR2 0002028102328021225  021225PAIEMENT CB  0112 HONFLEUR       0000000000000000000580M
0530027    16048EUR2 0002028102328021225     LIBE.LECLERC        CARTE 0954
0430027038116048EUR2 0002028102328021225  021225PAIEMENT PSC 0112 HONFLEUR       0000000000000000000286J
0530027    16048EUR2 0002028102328021225     LIBPOINT P 3883     CARTE 0954
0730027    16048EUR2 00020281023  021225                                                  0000000632398D
0130027    16048EUR2 00020553023  011225BC2L IMMOBILIER                  COMPTE COURANT   0000000075475H021225021225
0730027    16048EUR2 00020553023  021225                                                  0000000075475H
0130027    16048EUR2 00020341081  011225L'EPICURIEN                      COMPTE COURANT   0000000509639F021225021225
0730027    16048EUR2 00020341081  021225                                                  0000000509639F
0130047    14607EUR2 00021051069  011225DSCM                             COMPTE COURANT   0000000000226C021225021225
0730047    14607EUR2 00021051069  021225                                                  0000000000226C
0110278    37430EUR2 00013091008  011225SCI ACDB                         COMPTE COURANT   0000000009329{021225021225
0710278    37430EUR2 00013091008  021225                                                  0000000009329{
0130087    33704EUR2 00020992031  011225RESEAU NATIONAL DES MISSIONS EMP COMPTE COURANT   0000000605806H021225021225
0430087038133704EUR2 0002099203128011225  011225PAIEMENT PSC 2811 REIMS          0000000000000000000088}
0530087    33704EUR2 0002099203128011225     LIBLA CHAMPETRE     CARTE 6258
0430087038133704EUR2 0002099203128011225  011225PAIEMENT PSC 2811 REIMS070    /  0000000000000000000268P
0530087    33704EUR2 0002099203128011225     LIBMETRO            CARTE 6258
0430087916233704EUR2 00020992031B1021225  021225PRLV SEPA SWILE                  0000000000000000000277O
0530087    33704EUR2 00020992031B1021225     LIBSWILE TRANSFER-93786-8074248
0530087    33704EUR2 00020992031B1021225     RIBFR7630004024780001161339713          BNPAFRPPXXX
0530087    33704EUR2 00020992031B1021225     NOMSWILE                              SAS JUST LAMB
0530087    33704EUR2 00020992031B1021225     NBESWILE
0530087    33704EUR2 00020992031B1021225     IBEFR74ZZZ838795
0530087    33704EUR2 00020992031B1021225     NPYSAS JUST LAMB
0530087    33704EUR2 00020992031B1021225     LCCSWILE TRANSFER-93786-8074248
0530087    33704EUR2 00020992031B1021225     RCND3B28237A3E047F0A10FDC6457114F17
0530087    33704EUR2 00020992031B1021225     REFD3B28237A3E047F0A10FDC6457114F17
0530087    33704EUR2 00020992031B1021225     RUMSWILE-91312666000020-111022
0530087    33704EUR2 00020992031B1021225     CPYFR7630087337040002099130289
0430087038133704EUR2 0002099203128011225  011225PAIEMENT PSC 2811 REIMS          0000000000000000000308K
0530087    33704EUR2 0002099203128011225     LIBLIDL 3077        CARTE 6258
0430087038133704EUR2 0002099203128011225  011225PAIEMENT CB  2911 REIMS          0000000000000000002194N
0530087    33704EUR2 0002099203128011225     LIBLE MILLENAIRE    CARTE 6258
0430087038133704EUR2 0002099203128011225  011225PAIEMENT CB  2811 REIMS          0000000000000000000388N
0530087    33704EUR2 0002099203128011225     LIBCARREFOUR        CARTE 6258
0430087039033704EUR2 0002099203130021225  041225CB00787 0003 7159756             0800787 00000000002888{
0430087039033704EUR2 0002099203130021225  041225CB00828 0015 7159756             0800828 00000000003075{
0430087039733704EUR2 0002099203162021225  041225COM0828 0015 7159756             0800828100000000000016P
0430087039733704EUR2 0002099203162021225  041225COM0787 0003 7159756             0800787100000000000018R
0430087038133704EUR2 0002099203128021225  021225PAIEMENT CB  0112 REIMS CEDEX    0000000000000000001508J
0530087    33704EUR2 0002099203128021225     LIBMETRO FR         CARTE 6258
0430087038133704EUR2 0002099203128021225  021225PAIEMENT CB  3011 METZ           0000000000000000000035R
0530087    33704EUR2 0002099203128021225     LIBEASYPARK SARL    CARTE 6258
0430087038133704EUR2 0002099203128021225  021225PAIEMENT CB  0112 REIMS          0000000000000000000502P
0530087    33704EUR2 0002099203128021225     LIBLIDL 3077        CARTE 6258
0430087038133704EUR2 0002099203128021225  021225PAIEMENT CB  2811 METZ           0000000000000000000013R
0530087    33704EUR2 0002099203128021225     LIBEASYPARK SARL    CARTE 6258
0430087038133704EUR2 0002099203128021225  021225PAIEMENT PSC 0112 REIMS          0000000000000000000142N
0530087    33704EUR2 0002099203128021225     LIBCARREFOUR        CARTE 6258
0730087    33704EUR2 00020992031  021225                                                  0000000606005F