0130003    01470EUR2 00020294501  031225EIRL ECO BAT                     COMPTE COURANT   0000000106090D
0430003661001470EUR2 000202945012804122500041225CARTE X0251 03/12 MANOMANO       00010000 0000000000818K
0530003    01470EUR2 0002029450128041225     LIBCOMMERCE ELECTRONIQUE
0730003    01470EUR2 00020294501  041225                                                  0000000105272B
0130002    08500EUR2 0000725P512  031225AUTO MOTO ECOLE TINQUEUX         COMPTE COURANT   0000000197533C
0430002111608500EUR2E0000725P5122804122500041225 CB29GLOBALE /FIG     28/11/25   0874229000000000001990O3641655000104874
0530002    08500EUR2 0000725P51228041225     LIBAMSTERDAM      EUR       199 0699
0530002    08500EUR2 0000725P51228041225     LIBCBLMLE LOU DEON                99
0430002112608500EUR2E0000725P512B104122500041225PRLV SEPA MACSF-PREV-            0000000000000000000736M4020412000000320
0530002    08500EUR2 0000725P512B1041225     NBEMACSF-PREV-
0530002    08500EUR2 0000725P512B1041225     IBEFR28ZZZ611964                      SEPA
0530002    08500EUR2 0000725P512B1041225     RUM00MACSF-PREV-0000000000000000863435RCUR
0530002    08500EUR2 0000725P512B1041225     LCCPRELEVEMENT GLOBAL MACSF PREVOYANCE
0530002    08500EUR2 0000725P512B1041225     RCNMACSF-PRE/2025-12-03R/7322109000001
0730002    08500EUR2 0000725P512  041225                                                  0000000194806C
0130002    00424EUR2 0000009H704  031225CAUVALEX MANUTENTION             COMPTE COURANT   0000000000088R
0730002    00424EUR2 0000009H704  041225                                                  0000000000088R
0130002    00579EUR2 0000431C031  031225SARL PROXI SHOP                  COMPTE COURANT   0000000667202D
0430002111200579EUR2E0000431C0311804122500041225TP-20251203-ALMERYS TP           0000000000000000030706D2015283100000000
0530002    00579EUR2 0000431C03118041225     NPYALMERYS
0530002    00579EUR2 0000431C03118041225     LCCTP-20251203-ALMERYS TP          -922619028-0098532001-0C57-
0530002    00579EUR2 0000431C03118041225     RCN24YN73S156CFG
0530002    00579EUR2 0000431C03118041225     IBUCRLYFRPP
0430002111200579EUR2E0000431C0311804122500041225GENERATION                       0000000000000000006940C2015284800000000
0530002    00579EUR2 0000431C03118041225     NPYGENERATION
0530002    00579EUR2 0000431C03118041225     LCCGENERATION
0530002    00579EUR2 0000431C03118041225     RCN166667801
0430002111200579EUR2E0000431C03118041225000412250000009226190283369201251203     0000000000000000004108A2015291200000000
0530002    00579EUR2 0000431C03118041225     NPYCPAM HAUTS DE SEINE SEPA
0530002    00579EUR2 0000431C03118041225     LCC0000009226190283369201251203
0530002    00579EUR2 0000431C03118041225     IPY0
0530002    00579EUR2 0000431C03118041225     RCN0000009226190283369201251203
0430002111200579EUR2E0000431C03118041225000412250000009226190283361113251203     0000000000000000001950I2015291200000000
0530002    00579EUR2 0000431C03118041225     NPYCPAM 93
0530002    00579EUR2 0000431C03118041225     LCC0000009226190283361113251203
0530002    00579EUR2 0000431C03118041225     IPY0
0530002    00579EUR2 0000431C03118041225     RCN0000009226190283361113251203
0430002111200579EUR2E0000431C03118041225000412250000009226190283367401251203     0000000000000000001350{2015291200000000
0530002    00579EUR2 0000431C03118041225     NPYCPAM ILLE ET VILAINE
0530002    00579EUR2 0000431C03118041225     LCC0000009226190283367401251203
0530002    00579EUR2 0000431C03118041225     IPY0
0530002    00579EUR2 0000431C03118041225     RCN0000009226190283367401251203
0430002111200579EUR2E0000431C0311804122500041225ALMA 20251203 - PAYOUT 122CWWS5  0000000000000000001244F2015293200000000
0530002    00579EUR2 0000431C03118041225     NPYALMA
0530002    00579EUR2 0000431C03118041225     LCCALMA 20251203 - PAYOUT 122CWWS5J0E9OQHX70BTTCBSGZUZN3I8EX
0530002    00579EUR2 0000431C03118041225     RCN59ECA4D54A4643718A9A6532AC1AEEA6
0430002111200579EUR2E0000431C03118041225000412250000009226190283368500251203     0000000000000000000027D2015291200000000
0530002    00579EUR2 0000431C03118041225     NPYCPAM DU VAL D OISE
0530002    00579EUR2 0000431C03118041225     LCC0000009226190283368500251203
0530002    00579EUR2 0000431C03118041225     IPY0
0530002    00579EUR2 0000431C03118041225     RCN0000009226190283368500251203
0430002111200579EUR2E0000431C03118041225000412250000009226190283361811251203     0000000000000000000003F2015291200000000
0530002    00579EUR2 0000431C03118041225     NPYCPAM ESSONNE
0530002    00579EUR2 0000431C03118041225     LCC0000009226190283361811251203
0530002    00579EUR2 0000431C03118041225     IPY0
0530002    00579EUR2 0000431C03118041225     RCN0000009226190283361811251203
0430002111200579EUR2E0000431C03118041225000412250000009226190283362201251203     0000000000000000000000I2015291200000000
0530002    00579EUR2 0000431C03118041225     NPYCPAM 75 PRESTATIONS
0530002    00579EUR2 0000431C03118041225     LCC0000009226190283362201251203
0530002    00579EUR2 0000431C03118041225     IPY0
0530002    00579EUR2 0000431C03118041225     RCN0000009226190283362201251203
0430002111200579EUR2E0000431C03118041225000412250000009226190283361941251203     0000000000000000000000I2015291200000000
0530002    00579EUR2 0000431C03118041225     NPYCPAM 94
0530002    00579EUR2 0000431C03118041225     LCC0000009226190283361941251203
0530002    00579EUR2 0000431C03118041225     IPY0
0530002    00579EUR2 0000431C03118041225     RCN0000009226190283361941251203
0430002112400579EUR2E0000431C0312104122500041225VIR SEPA SELLAM INVEST           0000000000000000003600}4433822700000000
0530002    00579EUR2 0000431C03121041225     REF533850335214
0530002    00579EUR2 0000431C03121041225     LCCPRESTA NOV 25
0430002112600579EUR2E0000431C031B104122500041225PRLV SEPA OCTIKA                 0000000000000000002403Q4020412000000347
0530002    00579EUR2 0000431C031B1041225     NBEOCTIKA
0530002    00579EUR2 0000431C031B1041225     IBEFR28ZZZ80826D                      SEPA
0530002    00579EUR2 0000431C031B1041225     RUM5898A                              RCUR
0530002    00579EUR2 0000431C031B1041225     RCNP-0000313638-1323-20251128
0730002    00579EUR2 0000431C031  041225                                                  0000000707531G
0130003    03877EUR2 00020864975  031225CSE STOKOMANI FONCTIONNEMENT     COMPTE COURANT   0000000180929{
0430003219003877EUR2 000208649751804122500041225F-YTE-000162 PAIERIE DEPT MEURT  00000000 0000000204900{6486876550S
0530003    03877EUR2 0002086497518041225     NPYPAIERIE DEPT MEURTHE ET MOSELLE
0530003    03877EUR2 0002086497518041225     NPODEP MEURTHE-ET-MOSELLE -
0530003    03877EUR2 0002086497518041225     LCCF-YTE-000162 DU 17/11/25DEP MEURTHE-ET-MOSELLE -
0530003    03877EUR2 0002086497518041225     RCN1605409000110001122025-27981
0730003    03877EUR2 00020864975  041225                                                  0000000385829{
0130002    00623EUR2 0000020T525  031225ELEKTROMENAGER BZH                                0000000011684F
0730002    00623EUR2 0000020T525  041225                                                  0000000011684F
0130002    06800EUR2 0000704H573  031225SCI DE L'ATELIER                 COMPTE COURANT   0000000546686D
0430002111206800EUR2E0000704H5731804122500041225VIRT INT                         0000000000000000300000{2015293200000000
0530002    06800EUR2 0000704H57318041225     NPYEXPERTISES VENDOME
0530002    06800EUR2 0000704H57318041225     LCCVIRT INT
0530002    06800EUR2 0000704H57318041225     RCNNOTPROVIDED
0430002606306800EUR2E0000704H5736204122500041225COM AUTORISATION PRLV SEPA B2B   0000000100000000000140}9700000000000000
0730002    06800EUR2 0000704H573  041225                                                  0000000846546D
0130003    01700EUR2 00020206543  031225EKITE                            CCE EKITE        0000000053385F
0430003501001700EUR2 00020206543C204122500031225LESCURE      MME MARIE-ODILE LE  09168990 0000000008525{583780916899
0530003    01700EUR2 00020206543C2041225     NPYMME MARIE-ODILE LESCURE
0530003    01700EUR2 00020206543C2041225     LCCLESCURE
0530003    01700EUR2 00020206543C2041225     RCNLESCURE
0430003501001700EUR2 00020206543C204122500031225DE LE FUR ARMLE FUR ARMEL        10162910 0000000001320{583781016291
0530003    01700EUR2 00020206543C2041225     NPYLE FUR ARMEL
0530003    01700EUR2 00020206543C2041225     LCCDE LE FUR ARMEL - INTERVENTION DU 03/11/25
0430003949001700EUR2 000202065432104122500041225000001 VIR EUROPEEN EMIS   NET   57127580 0000000005000}9533722239870
0530003    01700EUR2 0002020654321041225     NBELOUIS
0530003    01700EUR2 0002020654321041225     REF REMUNERATION NOVEMBRE 2025
0530003    01700EUR2 0002020654321041225     LCCREMUNERATION
0530003    01700EUR2 0002020654321041225     BDBSOGEFRPP
0430003661001700EUR2 000202065432804122500041225CARTE X9184 03/12 UEP*U EXPRESS  00010000 0000000000081Q
0730003    01700EUR2 00020206543  041225                                                  0000000058148H
0130003    01303EUR2 00020549688  031225AU COEUR DES BEBES MAISON MEDICA COMPTE COURANT   0000000048502K
0430003432001303EUR2 00020549688B1041225000412251046632776196PAYPAL EUROPE S.A.  33734380 0000000000019R6413373438
0530003    01303EUR2 00020549688B1041225     NBEPAYPAL EUROPE S.A.R.L. ET CIE S.C.A
0530003    01303EUR2 00020549688B1041225     IBELU96ZZZ0000000000000000058
0530003    01303EUR2 00020549688B1041225     LCC1046632776196/PAYPAL
0530003    01303EUR2 00020549688B1041225     RCN1046632776196
0430003432001303EUR2 00020549688B1041225000412251046626285439PAYPAL EUROPE S.A.  01925420 0000000000148N6400192542
0530003    01303EUR2 00020549688B1041225     NBEPAYPAL EUROPE S.A.R.L. ET CIE S.C.A
0530003    01303EUR2 00020549688B1041225     IBELU96ZZZ0000000000000000058
0530003    01303EUR2 00020549688B1041225     LCC1046626285439/PAYPAL
0530003    01303EUR2 00020549688B1041225     RCN1046626285439
0430003432001303EUR2 00020549688B1041225000412251046626305849PAYPAL EUROPE S.A.  01925510 0000000000218}6400192551
0530003    01303EUR2 00020549688B1041225     NBEPAYPAL EUROPE S.A.R.L. ET CIE S.C.A
0530003    01303EUR2 00020549688B1041225     IBELU96ZZZ0000000000000000058
0530003    01303EUR2 00020549688B1041225     LCC1046626305849/PAYPAL
0530003    01303EUR2 00020549688B1041225     RCN1046626305849
0430003432001303EUR2 00020549688B104122500041225DOMICILIATIONSEDOMICILIER SAS    84795630 0000000000384}6418479563
0530003    01303EUR2 00020549688B1041225     NBESEDOMICILIER SAS
0530003    01303EUR2 00020549688B1041225     IBEFR36ZZZ8373EB
0530003    01303EUR2 00020549688B1041225     LCCDOMICILIATION
0530003    01303EUR2 00020549688B1041225     RCNSTR16NATX7N0VAAZTNRWVRANPADTZZLFAG
0430003432001303EUR2 00020549688B104122500041225PRELEVEMENT EFREE MOBILE         55665320 0000000001129}6425566532
0530003    01303EUR2 00020549688B1041225     NBEFREE MOBILE
0530003    01303EUR2 00020549688B1041225     IBEFR07ZZZ591778
0530003    01303EUR2 00020549688B1041225     RCNFMPMT-2311394372
0530003    01303EUR2 00020549688B1041225     RUM++FM-15944885-1
0730003    01303EUR2 00020549688  041225                                                  0000000050401O
0130002    00508EUR2 0000008G177  031225CR OPTIQUE                       COMPTE MUTUELLE  0000000356817C
0430002111200508EUR2E0000008G1771804122500041225TP-20251128-VIREMENT 8598259     0000000000000000012559B2015293200000000
0530002    00508EUR2 0000008G17718041225     NPYVIAMEDIS
0530002    00508EUR2 0000008G17718041225     LCCTP-20251128-VIREMENT 8598259    -932656887-0075990010-1G91-
0530002    00508EUR2 0000008G17718041225     RCNTP-20251128-VIREMENT 8598259    -93
0430002111200508EUR2E0000008G1771804122500041225VIREMENT DE PRESTATION 2025-12-  0000000000000000004699D2015291200000000
0530002    00508EUR2 0000008G17718041225     NPYMPGR
0530002    00508EUR2 0000008G17718041225     LCCVIREMENT DE PRESTATION 2025-12-02
0530002    00508EUR2 0000008G17718041225     RCN02684100257900000000000000012618969
0430002111200508EUR2E0000008G1771804122500041225TP-20251202-ALMERYS TP           0000000000000000001722{2015277300000000
0530002    00508EUR2 0000008G17718041225     NPYALMERYS
0530002    00508EUR2 0000008G17718041225     LCCTP-20251202-ALMERYS TP          -932656887-0098532001-1G91-
0530002    00508EUR2 0000008G17718041225     RCN7P2745DAN58N
0530002    00508EUR2 0000008G17718041225     IBUNOTPROVIDED
0430002907500508EUR2E0000008G1779104122500041225PRET 20947204                    0000000100000000010620L0000000000000000
0530002    00508EUR2 0000008G17791041225     LIBECHEANCE 04/12/2025            99
0530002    00508EUR2 0000008G17791041225     LIBPM220947204        01041225    99
0430002112600508EUR2E0000008G177B104122500041225PRLV SEPA OCTIKA                 0000000000000000003988Q4020412000000336
0530002    00508EUR2 0000008G177B1041225     NBEOCTIKA
0530002    00508EUR2 0000008G177B1041225     IBEFR28ZZZ80826D                      SEPA
0530002    00508EUR2 0000008G177B1041225     RUM5890A                              RCUR
0530002    00508EUR2 0000008G177B1041225     RCNP-0000313642-1327-20251128
0430002112400508EUR2E0000008G1772104122500041225VIR SEPA SELLAM INVEST           0000000000000000003600}4433822700000000
0530002    00508EUR2 0000008G17721041225     REF533850335202
0530002    00508EUR2 0000008G17721041225     LCCPRESTA NOV 2025
0430002907500508EUR2E0000008G1779104122500041225PGE - COM GARANTIE DE L ETAT     0000000100000000000061O0000000000000000
0530002    00508EUR2 0000008G17791041225     LIBDOSSIER 20947204               99
0530002    00508EUR2 0000008G17791041225     LIBPM220947204        01041225   E99
0730002    00508EUR2 0000008G177  041225                                                  0000000357527B
0130002    00508EUR2 0000008G937  031225NORTRADE INTERNATIONAL           COMPTE COURANT EN0000000028075{
0430002907500508EUR2E0000008G9379104122500041225PRET 20947227                    0000000100000000021240P0000000000000000
0530002    00508EUR2 0000008G93791041225     LIBECHEANCE 04/12/2025            99
0530002    00508EUR2 0000008G93791041225     LIBPM220947227        01041225    99
0430002907500508EUR2E0000008G9379104122500041225PGE - COM GARANTIE DE L ETAT     0000000100000000000123K0000000000000000
0530002    00508EUR2 0000008G93791041225     LIBDOSSIER 20947227               99
0530002    00508EUR2 0000008G93791041225     LIBPM220947227        01041225   E99
0730002    00508EUR2 0000008G937  041225                                                  0000000006711A
0130003    02898EUR2 00020034460  03122501TE012782                 TE                     0000000001582A
0430003376002898EUR2 000200344600204122500051225REMISE CHEQUE       3565894 338  35658940 0000000002240{
0530003    02898EUR2 0002003446002041225     LIBDE    6 CHQ 02898
0430003376002898EUR2 000200344600204122500051225REMISE CHEQUE       3565895 338  35658950 0000000001500{
0530003    02898EUR2 0002003446002041225     LIBDE    5 CHQ 02898
0730003    02898EUR2 00020034460  041225                                                  0000000005322A
0130003    01470EUR2 00028011552  031225BC2L IMMOBILIER                  COMPTE COURANT   0000000297156A
0730003    01470EUR2 00028011552  041225                                                  0000000297156A
0130003    03542EUR2 00020317682  031225BERGUERIE PHILIPPE                                0000000072857D
0430003385003542EUR2 000203176822104122500041225000001 VIR EUROPEEN EMIS   AGEN  77064261 0000000072857M0274481100001
0530003    03542EUR2 0002031768221041225     NBEZAIBET     N
0530003    03542EUR2 0002031768221041225     RCN0274481100002
0530003    03542EUR2 0002031768221041225     BDBSOGEFRPP
0730003    03542EUR2 00020317682  041225                                                  0000000000000{
0130003    00973EUR2 00020027808  031225TESSIER CHANTAL                                   0000000641296G
0730003    00973EUR2 00020027808  041225                                                  0000000641296G
0130003    00877EUR2 00020081604  031225RAVIMMO                          COMPTE COURANT   0000000030978I
0730003    00877EUR2 00020081604  041225                                                  0000000030978I
0130003    01700EUR2 00020203304  031225MLE CLAIRE GUENERIN              COMPTE COURANT   0000000044254I
0430003949001700EUR2 000202033042104122500041225000001 VIR EUROPEEN EMIS   NET   57126480 0000000010000}9533722237398
0530003    01700EUR2 0002020330421041225     NBELOUIS
0530003    01700EUR2 0002020330421041225     REF REMUNERATION NOVEMBRE 2025
0530003    01700EUR2 0002020330421041225     LCCREMUNERATION
0530003    01700EUR2 0002020330421041225     BDBSOGEFRPP
0730003    01700EUR2 00020203304  041225                                                  0000000034254I
0130003    04369EUR2 00020003243  031225MLE CLAIRE GUENERIN              COMPTE COURANT   0000000376305I
0730003    04369EUR2 00020003243  041225                                                  0000000376305I
0130003    00784EUR2 00020022363  031225AUTO MOTO ECOLE TINQUEUX         COMPTE COURANT   0000000079159D
0430003073000784EUR2 00020022363300412250004122504/12 LUCY ET COMPAGN7801779001  00940670 0000000001866{REMISE CB /
0530003    00784EUR2 0002002236330041225     LIB04/12 REM.ACH.CB940677801779001
0430003073000784EUR2 00020022363300412250004122504/12 LUCY ET COMPAGN7801780001  00560590 0000000000809{REMISE CB /
0530003    00784EUR2 0002002236330041225     LIB04/12 REM.ACH.CB560597801780001
0430003949000784EUR2 000200223632104122500041225000001 VIR EUROPEEN EMIS   NET   71193830 0000000003807P9533822855212
0530003    00784EUR2 0002002236321041225     NBEFOR HER PARIS
0530003    00784EUR2 0002002236321041225     REF REGLT FACT FC18699/700
0530003    00784EUR2 0002002236321041225     LCCREGL FACT FC18699/700
0530003    00784EUR2 0002002236321041225     BDBSOGEFRPP
0430003073000784EUR2 00020022363620412250004122504/12 LUCY ET COMPAGN7801780001  00560591 0000000000005LREMISE CB /
0530003    00784EUR2 0002002236362041225     LIB04/12 COM CB560597801780001
0430003073000784EUR2 00020022363620412250004122504/12 LUCY ET COMPAGN7801779001  00940671 0000000000012JREMISE CB /
0530003    00784EUR2 0002002236362041225     LIB04/12 COM CB940677801779001
0430003432000784EUR2 00020022363B104122500041225AVO-FAC-00087SODILOG             09708550 0000000004555K6420970855
0530003    00784EUR2 00020022363B1041225     NBESODILOG
0530003    00784EUR2 00020022363B1041225     IBEFR82ZZZ853BA1
0530003    00784EUR2 00020022363B1041225     LCCAVO-FAC-0008791 AVO-FAC-0007125
0530003    00784EUR2 00020022363B1041225     RCN001-EPRL-0004967
0730003    00784EUR2 00020022363  041225                                                  0000000073454A
0130003    02870EUR2 00020040472  031225SARL MM AMENAGEMENT              COMPTE COURANT   0000000544772F
0430003109002870EUR2 000200404720404122500041225VERST ESP GAB 04/12/25 10H46 38  00000000 0000000066500{MME CHAMPAGNE LA
0530003    02870EUR2 0002004047204041225     AB2ST QUENTIN 16 RUE D ISLE    G
0530003    02870EUR2 0002004047204041225     AB3MME CHAMPAGNE LAURENC
0530003    02870EUR2 0002004047204041225     AB4CARTE 560784XXXXXX7537
0430003109002870EUR2 000200404720404122500041225VERST ESP GAB 04/12/25 10H50 38  00000000 0000000039800{MME CHAMPAGNE LA
0530003    02870EUR2 0002004047204041225     AB2ST QUENTIN 16 RUE D ISLE    G
0530003    02870EUR2 0002004047204041225     AB3MME CHAMPAGNE LAURENC
0530003    02870EUR2 0002004047204041225     AB4CARTE 560784XXXXXX7537
0430003109002870EUR2 000200404720404122500041225VERST ESP GAB 04/12/25 10H48 38  00000000 0000000030000{MME CHAMPAGNE LA
0530003    02870EUR2 0002004047204041225     AB2ST QUENTIN 16 RUE D ISLE    G
0530003    02870EUR2 0002004047204041225     AB3MME CHAMPAGNE LAURENC
0530003    02870EUR2 0002004047204041225     AB4CARTE 560784XXXXXX7537
0430003109002870EUR2 000200404720404122500041225VERST ESP GAB 04/12/25 10H54 39  00000000 0000000029600{MME CHAMPAGNE LA
0530003    02870EUR2 0002004047204041225     AB2ST QUENTIN 16 RUE D ISLE    G
0530003    02870EUR2 0002004047204041225     AB3MME CHAMPAGNE LAURENC
0530003    02870EUR2 0002004047204041225     AB4CARTE 560784XXXXXX7537
0430003109002870EUR2 000200404720404122500041225VERST ESP GAB 04/12/25 10H51 39  00000000 0000000015200{MME CHAMPAGNE LA
0530003    02870EUR2 0002004047204041225     AB2ST QUENTIN 16 RUE D ISLE    G
0530003    02870EUR2 0002004047204041225     AB3MME CHAMPAGNE LAURENC
0530003    02870EUR2 0002004047204041225     AB4CARTE 560784XXXXXX7537
0430003073002870EUR2 00020040472300412250004122504/12 R61786 CT7229705001        00617860 0000000012526AREMISE CB /
0530003    02870EUR2 0002004047230041225     LIBBT      1258 90E COM     6 29E
0430003073002870EUR2 00020040472300412250004122504/12 R55806 CT7229705001        00558060 0000000005098DREMISE CB /
0530003    02870EUR2 0002004047230041225     LIBBT       512 40E COM     2 56E
0730003    02870EUR2 00020040472  041225                                                  0000000743497A
0130003    01686EUR2 00020200932  031225MLE  COSPEREC  AUDREY            MLE  AUDREY COSPE0000000017036C
0730003    01686EUR2 00020200932  041225                                                  0000000017036C
0130003    04370EUR2 00020005467  031225CM MARECHALERIE                  COMPTE COURANT   0000000003572C
0730003    04370EUR2 00020005467  041225                                                  0000000003572C
0130003    01686EUR2 00020208612  031225GROUPE EMON                      COMPTE COURANT   0000000080169H
0430003219001686EUR2 000202086121804122500041225COTE MER FC13COTE MER            00000000 0000000008160{6489282169S
0530003    01686EUR2 0002020861218041225     NPYCOTE MER
0530003    01686EUR2 0002020861218041225     LCCCOTE MER FC135
0530003    01686EUR2 0002020861218041225     RCNFACTURE C135
0430003661001686EUR2 000202086122804122500041225CARTE X9939 03/12 CARREFOUR MAR  00010000 0000000000159RKE
0730003    01686EUR2 00020208612  041225                                                  0000000088169I
0130003    04320EUR2 00120016141  031225SAS COUTURE IMMO                 COMPTE COURANT   0000000134848F
0730003    04320EUR2 00120016141  041225                                                  0000000134848F
0130002    06132EUR2 0000071Z263  031225SCI EMPREINTES                   COMPTE COURANT   0000000052245H
0730002    06132EUR2 0000071Z263  041225                                                  0000000052245H
0130003    03612EUR2 00020008833  031225POYO                             COMPTE COURANT   0000000090623H
0730003    03612EUR2 00020008833  041225                                                  0000000090623H
0130002    07943EUR2 0000070V596  031225SARL AMANDINE JUIGNET            COMPTE COURANT   0000000195832A
0430002606607943EUR2E0000070V5966202122500021225FACT. DES SERVICES AU  02.12.25  0000000100000000000282O6630000000000000
0430002111607943EUR2E0000070V5962803122500031225 CB93PILLAUDMATER     02/12/25   0306793000000000006840J3643008700108306
0530002    07943EUR2 0000070V59628031225     LIBCBLM JEAN-MICHEL BUFFET        99
0430002111607943EUR2E0000070V5962803122500031225 CB93PILLAUDMATER     02/12/25   0306793000000000001154R3643008700108306
0530002    07943EUR2 0000070V59628031225     LIBCBLM JEAN-MICHEL BUFFET        99
0430002111607943EUR2E0000070V5962803122500031225 CB93CARREFOUR DA     02/12/25   0306793000000000000900}3641820600108306
0530002    07943EUR2 0000070V59628031225     LIBCBLM JEAN-MICHEL BUFFET        99
0430002111607943EUR2E0000070V5962803122500031225 CB93EASYPARK SAR     02/12/25   0306793000000000000308}3647382900108306
0530002    07943EUR2 0000070V59628031225     LIBCBLM JEAN-MICHEL BUFFET        99
0730002    07943EUR2 0000070V596  041225                                                  0000000186346E
0130003    01750EUR2 00020107425  031225CENTRE MUSICAL ET INITIATIVE     CENTRE MUSICAL ET0000000531026{
0430003219001750EUR2 000201074251804122500041225155820409 AUEASP AGENCE COMPTAB  00000000 0000000016666D6488278836S
0530003    01750EUR2 0002010742518041225     NPYASP AGENCE COMPTABLE
0530003    01750EUR2 0002010742518041225     LCC155820409 AUEA AUEA04042744950 MINISTERE DU TRAVAIL AIDE UNIQUE APPREN
0530003    01750EUR2 0002010742518041225     LC2TI EURL CHATEAU ET PARC ZOOLOGIQUE DE LA BOURBANSAIS
0530003    01750EUR2 0002010742518041225     RCN1D0750000155820409-TEL---0442525432
0430003284001750EUR2 000201074251804122500041225EXT BAL SWEEPQWEEKLE             00000000 0000000005230{6585501320S
0530003    01750EUR2 0002010742518041225     NPYQWEEKLE
0530003    01750EUR2 0002010742518041225     LCCEXT BAL SWEEP SWPE42B3W223GTMV5NK4Z69F7J69JQ
0530003    01750EUR2 0002010742518041225     PDONL PAYS BAS
0730003    01750EUR2 00020107425  041225                                                  0000000552922D
0130003    01756EUR2 00020025598  031225EURL PRARELO                     COMPTE COURANT   0000000275206A
0430003949001756EUR2 000200255982104122500041225000001 VIR EUROPEEN EMIS   NET   57440710 0000000014616R9533822467410
0530003    01756EUR2 0002002559821041225     NBEDE LORGERIL THAIS
0530003    01756EUR2 0002002559821041225     REF SALAIRE NOVEMBRE 2025
0530003    01756EUR2 0002002559821041225     LCCSALAIRE NOVEMBRE 2025
0530003    01756EUR2 0002002559821041225     BDBCMCIFRPP
0730003    01756EUR2 00020025598  041225                                                  0000000260589B
0130003    04388EUR2 00020031038  031225PROLIFIK RECORDS              PROLIFIK RECORDS    0000004997925{
0730003    04388EUR2 00020031038  041225                                                  0000004997925{
0130002    00509EUR2 0000008X550  031225EGV HOLDING                      COMPTE COURANT   0000000213583I
0430002111200509EUR2E0000008X5501804122500041225AMERICAN EXPRESS/SE9493552194/D  0000000000000000000162{2015295700000000
0530002    00509EUR2 0000008X55018041225     NPYAMERICAN EXPRESS PAYMENTS EUROPE SL
0530002    00509EUR2 0000008X55018041225     LCCAMERICAN EXPRESS/SE9493552194/DT20251202/TR1/GR16.20/DI0.00/REF 200352
0530002    00509EUR2 0000008X55018041225     LC29
0530002    00509EUR2 0000008X55018041225     RCNAMEXSCT94935521940493372614436T32
0730002    00509EUR2 0000008X550  041225                                                  0000000213745I
0130003    00795EUR2 00020199750  031225EMON RESTAURANT DU LAC B         COMPTE COURANT   0000000788258I
0430003073000795EUR2 00020199750300412250004122503/12 R96153 CT3945407501        00961530 0000000000765GREMISE CB /
0530003    00795EUR2 0002019975030041225     LIBBT        76 80E COM     0 23E
0430003219000795EUR2 0002019975018041225000412250000006210477CPAM COTE OPALE BF  00000000 0000000005941A6582453422S
0530003    00795EUR2 0002019975018041225     NPYCPAM COTE OPALE BFCM
0530003    00795EUR2 0002019975018041225     LCC0000006210477603353941251203
0530003    00795EUR2 0002019975018041225     RCN0000006210477603353941251203
0430003219000795EUR2 0002019975018041225000412250000006210477CPAM DES FLANDRES   00000000 0000000001707G6583083606S
0530003    00795EUR2 0002019975018041225     NPYCPAM DES FLANDRES  CFCM
0530003    00795EUR2 0002019975018041225     LCC0000006210477603364931251203
0530003    00795EUR2 0002019975018041225     RCN0000006210477603364931251203
0430003219000795EUR2 0002019975018041225000412250000006210477CPAM DE L ARTOIS    00000000 0000000001540D6583056663S
0530003    00795EUR2 0002019975018041225     NPYCPAM DE L ARTOIS  BFCM
0530003    00795EUR2 0002019975018041225     LCC0000006210477603368261251203
0530003    00795EUR2 0002019975018041225     RCN0000006210477603368261251203
0730003    00795EUR2 00020199750  041225                                                  0000000798213H
0130002    07185EUR2 0000071C414  031225SC AJC CONSEILS                  COMPTE COURANT   0000004278046D
0430002111707185EUR2E0000071C4143004122500041225REMISE CB NO 055725 DU 041225    0055725000000000018462I3902064455006055
0530002    07185EUR2 0000071C41430041225     LIBBRUT     1856 50COM       10 2199
0430002111707185EUR2E0000071C4143004122500041225REMISE CB NO 055756 DU 041225    0055756000000000001392C3902064455006055
0530002    07185EUR2 0000071C41430041225     LIBBRUT      140 00COM        0 7799
0430002112607185EUR2E0000071C414B104122500041225PRLV SEPA MACSF-PREV-            0000000000000000004299K4020412000000332
0530002    07185EUR2 0000071C414B1041225     NBEMACSF-PREV-
0530002    07185EUR2 0000071C414B1041225     IBEFR28ZZZ611964                      SEPA
0530002    07185EUR2 0000071C414B1041225     RUM++MACSF-PREV-0000000000000000117460RCUR
0530002    07185EUR2 0000071C414B1041225     LCCPRELEVEMENT GLOBAL MACSF PREVOYANCE
0530002    07185EUR2 0000071C414B1041225     RCNMACSF-PRE/2025-12-03R/4844014000000
0430002112407185EUR2E0000071C4142104122500041225VIR SEPA INEI                    0000000000000000001170}1333823800000000
0530002    07185EUR2 0000071C41421041225     REF533851083047
0530002    07185EUR2 0000071C41421041225     LCCFACTURE 2505033
0430002112407185EUR2E0000071C4142104122500041225VIR SEPA INEI                    0000000000000000001170}1333823800000000
0530002    07185EUR2 0000071C41421041225     REF533851081479
0530002    07185EUR2 0000071C41421041225     LCCFACTURE 2505062
0730002    07185EUR2 0000071C414  041225                                                  0000004291262D
0130003    02898EUR2 00020015173  031225L'ETINCELLE                      COMPTE COURANT   0000000066407I
0430003949002898EUR2 000200151732104122500041225000001 VIR EUROPEEN EMIS   NET   57113360 0000000005000}9533722203598
0530003    02898EUR2 0002001517321041225     NBEM ET/OU MME ERIC DUCROT
0530003    02898EUR2 0002001517321041225     REF 032025337222035980000000
0530003    02898EUR2 0002001517321041225     LCCVIREMENT CC
0530003    02898EUR2 0002001517321041225     BDBSOGEFRPP
0430003949002898EUR2 000200151732104122500041225000001 VIR EUROPEEN EMIS   NET   57112790 0000000010000}9533722202069
0530003    02898EUR2 0002001517321041225     NBEM ERIC DUCROT
0530003    02898EUR2 0002001517321041225     REF 032025337222020690000000
0530003    02898EUR2 0002001517321041225     LCCVIREMENT CC
0530003    02898EUR2 0002001517321041225     BDBSOGEFRPP
0730003    02898EUR2 00020015173  041225                                                  0000000051407I