0130003    00380EUR2 00050929825  031225SCI DC                           COMPTE COURANT   0000000053723A
0730003    00380EUR2 00050929825  041225                                                  0000000053723A
0130003    03705EUR2 00120752340  031225NEXTTICK                         COMPTE COURANT   0000000110752R
0430003073003705EUR2 00120752340300412250005122504/12 R46219 CT3627249001        00462190 0000000007422GREMISE CB /
0530003    03705EUR2 0012075234030041225     LIBBT       746 00E COM     3 73E
0430003073003705EUR2 00120752340300412250005122504/12 R52469 CT3627249801        00524690 0000000003424CREMISE CB /
0530003    03705EUR2 0012075234030041225     LIBBT       344 15E COM     1 72E
0430003073003705EUR2 00120752340300412250004122504/12 R04557 CT3634820001        00045570 0000000000992EREMISE CB /
0530003    03705EUR2 0012075234030041225     LIBBT       100 00E COM     0 75E
0430003219003705EUR2 001207523401804122500041225VIR EX.  16/1RESEAU FLEURI       00000000 0000000004258A6580659241S
0530003    03705EUR2 0012075234018041225     NPYRESEAU FLEURI
0530003    03705EUR2 0012075234018041225     LCCVIR EX.  16/11 - 30/11 - 95001
0530003    03705EUR2 0012075234018041225     RCNVIR SEPA 03 12 2025 17 13 09-02959
0530003    03705EUR2 0012075234018041225     IPY38800660300038
0430003219003705EUR2 001207523401804122500041225FACTURE   250SGC ERMONT          00000000 0000000002460{6487499402S
0530003    03705EUR2 0012075234018041225     NPYSGC ERMONT
0530003    03705EUR2 0012075234018041225     NPOPLESSIS BOUCHARD (LE)
0530003    03705EUR2 0012075234018041225     LCCFACTURE   250013 DU 07/11/2025 LA FLEURISTERIE.JPG PJ00XFAC78447459500
0530003    03705EUR2 0012075234018041225     LC2COMMEMORATION DU 11 NOVEMBREPLESSIS BOUCHARD (LE)
0430003949003705EUR2 001207523402104122500041225000001 VIR EUROPEEN EMIS   NET   57075170 0000000011939M9533722107589
0530003    03705EUR2 0012075234021041225     NBEBEUGNET  VALERIE
0530003    03705EUR2 0012075234021041225     REF 032025337221075890000000
0530003    03705EUR2 0012075234021041225     LCCSALAIRE NOVEMBRE 2025
0530003    03705EUR2 0012075234021041225     BDBPSSTFRPPSCE
0430003949003705EUR2 001207523402104122500041225000001 VIR EUROPEEN EMIS   NET   67520260 0000000019030}9533822757620
0530003    03705EUR2 0012075234021041225     NBESERVICE DES IMPOTS DES ENTREPRISQES  DU VAL D OISE
0530003    03705EUR2 0012075234021041225     REF SIRET 78447459500047
0530003    03705EUR2 0012075234021041225     LCCT V A  SEPTEMBRE 20025
0530003    03705EUR2 0012075234021041225     BDBBDFEFRPPCCT
0430003432003705EUR2 00120752340B104122500041225HP INC INSTANHP INC INSTANT INK  78772070 0000000000229Q6417877207
0530003    03705EUR2 00120752340B1041225     NBUHP INC INSTANT INK FR
0530003    03705EUR2 00120752340B1041225     IBENL23ZZZ611047600000
0530003    03705EUR2 00120752340B1041225     LCCHP INC INSTANT INK FR
0530003    03705EUR2 00120752340B1041225     RCN35109640645
0430003432003705EUR2 00120752340B104122500041225/INV/FORM 100SOLOCAL MARKETING   29202180 0000000000600}6402920218
0530003    03705EUR2 00120752340B1041225     NBESOLOCAL MARKETING SERVICES 204  ROND-POINT DU PONT DE SEVRES-SOLOCAL M
0530003    03705EUR2 00120752340B1041225     IBEFR53ZZZ444577
0530003    03705EUR2 00120752340B1041225     LCC/INV/FORM 1001133598/26.11.2025/BDCU/2022130028101
0530003    03705EUR2 00120752340B1041225     RCN01-SOMS61003391242025
0430003377003705EUR2 001207523400104122500031225CHEQUE    2096                   00020960 0000000010905R
0730003    03705EUR2 00120752340  041225                                                  0000000134900M
0130003    00352EUR2 00026205700  031225SCI YOL                          COMPTE COURANT   0000000309706{
0730003    00352EUR2 00026205700  041225                                                  0000000309706{
0130003    03705EUR2 00020200829  031225TECHNIQUES ET NORMES DE COUVERT  COMPTE COURANT   0000000142598G
0730003    03705EUR2 00020200829  041225                                                  0000000142598G
0130003    01652EUR2 00027007102  031225SCI GJMF 2                    SCI GJMF 2          0000001014024{
0730003    01652EUR2 00027007102  041225                                                  0000001014024{
0130003    03700EUR2 00020040164  031225SAVANE & MOUSSON STREET FOOD     COMPTE COURANT   0000002674424{
0730003    03700EUR2 00020040164  041225                                                  0000002674424{
0130003    03708EUR2 00020781516  031225EI SALON INES D                  COMPTE COURANT   0000000000919I
0730003    03708EUR2 00020781516  041225                                                  0000000000919I
0130003    01652EUR2 00020660699  031225SCI FABRICE                      COMPTE COURANT   0000000029836N
0730003    01652EUR2 00020660699  041225                                                  0000000029836N
0130003    03705EUR2 00020759266  031225PAGE STEPHIE DOMINIQUE           COMPTE COURANT   0000001071512I
0730003    03705EUR2 00020759266  041225                                                  0000001071512I
0130003    03705EUR2 00020754706  031225LE KIOSQUE                       COMPTE COURANT   0000002685208H
0430003073003705EUR2 00020754706300412250004122504/12 R91071 CT3624200001        00910710 0000000015362IREMISE CB /
0530003    03705EUR2 0002075470630041225     LIBBT      1540 91E COM     4 62E
0430003073003705EUR2 00020754706300412250004122504/12 R84328 CT3663585001        00843280 0000000003565HREMISE CB /
0530003    03705EUR2 0002075470630041225     LIBBT       357 65E COM     1 07E
0430003284003705EUR2 000207547061804122500041225DEVIS DE0965 BY LENTZ SA         00000000 0000000037525G6582265886S
0530003    03705EUR2 0002075470618041225     NPYBY LENTZ SA
0530003    03705EUR2 0002075470618041225     LCCDEVIS DE0965
0530003    03705EUR2 0002075470618041225     RCN202512031002236904MULTI
0530003    03705EUR2 0002075470618041225     PDOLU LUXEMBOURG
0430003376003705EUR2 000207547060204122500051225REMISE CHEQUE       0002268 338  00022680 0000000012352I
0530003    03705EUR2 0002075470602041225     LIBDE    4 CHQ 00352
0430003219003705EUR2 000207547061804122500041225BACHE TR3    MR OU MME MENUT JE  00000000 0000000001432E6581916284S
0530003    03705EUR2 0002075470618041225     NPYMR OU MME MENUT JEAN-CLAUDE
0530003    03705EUR2 0002075470618041225     LCCBACHE TR3
0530003    03705EUR2 0002075470618041225     RCNNOT PROVIDED
0430003949003705EUR2 000207547061804122500041225FG6654 ET FG6A T P P             57555750 0000000003072{3822603515
0530003    03705EUR2 0002075470618041225     NPYA T P P
0530003    03705EUR2 0002075470618041225     LCCFG6654 ET FG6668
0730003    03705EUR2 00020754706  041225                                                  0000002758520F
0130003    01654EUR2 00020900133  031225TREXSO                           COMPTE COURANT   0000000294644D
0430003501001654EUR2 00020900133C204122500031225PLOMBIER TAV M.OU MME MASSON GU  07537480 0000000003824B583780753748
0530003    01654EUR2 00020900133C2041225     NPYM.OU MME MASSON GUY
0530003    01654EUR2 00020900133C2041225     LCCPLOMBIER TAV
0530003    01654EUR2 00020900133C2041225     RCNACOMPTE DEV-2025-0171
0430003336001654EUR2 000209001331804122500051225VIR RECU     MR PAPADOPOULOS SA  46182940 0000000004191G3722260265
0530003    01654EUR2 0002090013318041225     NPYMR PAPADOPOULOS SAVVAS OU
0730003    01654EUR2 00020900133  041225                                                  0000000302660C
0130003    03705EUR2 00020193730  031225MLE  COSPEREC  AUDREY            MLE  AUDREY COSPE0000000084810A
0430003224003705EUR2 000201937308704122500041225LVMH MOET HENNESSY VUITTON       00121010 0000000000605{DIVIDENDE
0530003    03705EUR2 0002019373087041225     LIB    11 COUPON(S)
0530003    03705EUR2 0002019373087041225     LIBREVENUS D'ACTIONS FRANCAISES
0530003    03705EUR2 0002019373087041225     LIBFR0000121014
0430003224003705EUR2 000201937308704122500041225THALES                           00121320 0000000000038{DIVIDENDE
0530003    03705EUR2 0002019373087041225     LIB     4 COUPON(S)
0530003    03705EUR2 0002019373087041225     LIBREVENUS D'ACTIONS FRANCAISES
0530003    03705EUR2 0002019373087041225     LIBFR0000121329
0730003    03705EUR2 00020193730  041225                                                  0000000085453A
0130003    03957EUR2 00020613501  031225DOCTEUR ANTOINE HUART            COMPTE COURANT   0000000027881M
0730003    03957EUR2 00020613501  041225                                                  0000000027881M
0130003    03708EUR2 00020103974  031225DECOFOR                          DECOFOR S.A.S    0000000804491E
0730003    03708EUR2 00020103974  041225                                                  0000000804491E
0130003    00716EUR2 00020134908  031225CAUVALEX MANUTENTION             COMPTE COURANT   0000004322228D
0430003501000716EUR2 00020134908C204122500041225FA7709       KDF                 19668030 0000000003677D583881966803
0530003    00716EUR2 00020134908C2041225     NPYKDF
0530003    00716EUR2 00020134908C2041225     LCCFA7709
0530003    00716EUR2 00020134908C2041225     RCNAPPROCAST FA7709
0430003188000716EUR2 000201349086204122500031225FRAIS VIREMENT SEPA ELEC         00000001 0000000000017N
0530003    00716EUR2 0002013490862041225     LIBREF STP
0530003    00716EUR2 0002013490862041225     LIB7 VIRT       A   0 25 EUR NT
0430003740000716EUR2 000201349086204122500041225NTL ELEC        583732009517     20095161 0000000000274}FRAIS VIR I
0530003    00716EUR2 0002013490862041225     LIBREF BALKAN BUA2025143
0530003    00716EUR2 0002013490862041225     LIB  1 VIREMENT(S)          POUR  13 00
0530003    00716EUR2 0002013490862041225     LIB  1 TRANS. SWIFT (TAX.)  POUR  12 00
0530003    00716EUR2 0002013490862041225     LIBMONTANT TOTAL TVA (20 00%)   2 40
0730003    00716EUR2 00020134908  041225                                                  0000004325614C
0130003    03735EUR2 00020069583  031225L'ETINCELLE                      COMPTE COURANT   0000000623792H
0430003416003735EUR2 000200695837204122500041225ECHEANCE PRET N 218351100800     11008001 0000000023829J
0530003    03735EUR2 0002006958372041225     LIBCAPITAL AMORTI   2 379 02
0530003    03735EUR2 0002006958372041225     LIBINTERETS   3 89
0530003    03735EUR2 0002006958372041225     LIBCAPITAL RESTANT   2 381 30
0530003    03735EUR2 0002006958372041225     LIBDATE PREVISIONNELLE  DE FIN   04/01/2026
0730003    03735EUR2 00020069583  041225                                                  0000000599963G
0130003    03700EUR2 00020042064  031225ABC TELECOM                      COMPTE COURANT   0000000169211I
0730003    03700EUR2 00020042064  041225                                                  0000000169211I
0130003    03733EUR2 00020249977  031225SAS NOOSA PIZZA   SERVAIS INGRID COMPTE COURANT   0000000988208D
0430003949003733EUR2 000202499772104122500041225000001 VIR EUROPEEN EMIS   NET   71198930 0000000019872L9533822860841
0530003    03733EUR2 0002024997721041225     NBEBARBE ALEXANDRE
0530003    03733EUR2 0002024997721041225     REF 032025338228608410000000
0530003    03733EUR2 0002024997721041225     LCCSALAIRE BARBE NOVEMBRE 2025
0530003    03733EUR2 0002024997721041225     BDBSOGEFRPP
0430003949003733EUR2 000202499772104122500041225000001 VIR EUROPEEN EMIS   NET   71195970 0000000035601N9533822857700
0530003    03733EUR2 0002024997721041225     NBEAMELIE BERSON BOURSORAMA
0530003    03733EUR2 0002024997721041225     REF 032025338228577000000000
0530003    03733EUR2 0002024997721041225     LCCSALAIRE BERSON NOVEMBRE 2025
0530003    03733EUR2 0002024997721041225     BDBBOUSFRPP
0730003    03733EUR2 00020249977  041225                                                  0000000932734F
0130003    03705EUR2 00020750614  031225AGP RENOVATION                   COMPTE COURANT   0000019463548I
0430003715003705EUR2 000207506147704122500041225CAT N  04281E2570800055          00000000 0000002750304G
0530003    03705EUR2 0002075061477041225     LIBECHU LE 04-12-2025
0430003715003705EUR2 000207506147704122500041225CAT N  04281E2570800063          00000000 0000002750304G
0530003    03705EUR2 0002075061477041225     LIBECHU LE 04-12-2025
0430003715003705EUR2 000207506147704122500041225INTERETS CREDITEURS SUR CAT      00000000 0000000004973B
0530003    03705EUR2 0002075061477041225     LIBN 04281E2570800055
0530003    03705EUR2 0002075061477041225     LIBPERIODE DU 04/11/25 AU 04/12/25
0430003715003705EUR2 000207506147704122500041225INTERETS CREDITEURS SUR CAT      00000000 0000000004973B
0530003    03705EUR2 0002075061477041225     LIBN 04281E2570800063
0530003    03705EUR2 0002075061477041225     LIBPERIODE DU 04/11/25 AU 04/12/25
0430003500003705EUR2 00020750614C104122500041225000001 VIR INSTANTANE EMIS NET   18621280 0000000006385J583881862128
0530003    03705EUR2 00020750614C1041225     NBEDRAXOTO                             04 12 BQ CGDI CPT 40470701013
0530003    03705EUR2 00020750614C1041225     REF032025338228869230000000
0530003    03705EUR2 00020750614C1041225     RCN032025338228869230000001
0530003    03705EUR2 00020750614C1041225     LCCDRAXOTO FRANCHISE+TVA FA20250194
0430003500003705EUR2 00020750614C104122500041225000001 VIR INSTANTANE EMIS NET   18593140 0000000010881P583881859314
0530003    03705EUR2 00020750614C1041225     NBEDRAXOTO                             04 12 BQ CGDI CPT 40470701013
0530003    03705EUR2 00020750614C1041225     REF032025338228854390000000
0530003    03705EUR2 00020750614C1041225     RCN032025338228854390000001
0530003    03705EUR2 00020750614C1041225     LCCDRAXOTO FA-20250191
0430003900003705EUR2 000207506146204122500031225FRAIS VIREMENT SEPA ELEC. PGN    00000001 0000000000002N
0530003    03705EUR2 0002075061462041225     LIBREF STP
0430003661003705EUR2 000207506142804122500041225CARTE X3771 03/12 FORF P.STAT W  00010000 0000000000521NEB
0530003    03705EUR2 0002075061428041225     LIBCOMMERCE ELECTRONIQUE
0430003715003705EUR2 000207506147604122500041225OUVERTURE COMPTE A TERME N       00000001 0000002755277R
0530003    03705EUR2 0002075061476041225     LIB04281E2573800060 ECH 04-01-2026
0430003715003705EUR2 000207506147604122500041225OUVERTURE COMPTE A TERME N       00000001 0000002755277R
0530003    03705EUR2 0002075061476041225     LIB04281E2573800078 ECH 04-01-2026
0730003    03705EUR2 00020750614  041225                                                  0000019445758A
0130003    03540EUR2 00020324448  031225SCI LES PETITS PRES              COMPTE COURANT   0000000103873C
0430003501003540EUR2 00020324448C204122500031225VIR INST     RESERVOIR AUTOMOBI  08039990 0000000035040{583780803999
0530003    03540EUR2 00020324448C2041225     NPYRESERVOIR AUTOMOBILES
0530003    03540EUR2 00020324448C2041225     RCN17
0530003    03540EUR2 00020324448C2041225     IPY28477BJ00QUU
0730003    03540EUR2 00020324448  041225                                                  0000000138913C