0130003    01553EUR2 00020046274  031225SNC LEITE 95                     SNC LEITE 95     0000000019977H
0730003    01553EUR2 00020046274  041225                                                  0000000019977H
0130003    01553EUR2 00020063825  031225SULINSKI DELPHINE                COMPTE COURANT   0000000298625F
0430003377001553EUR2 000200638250104122500031225CHEQUE    2174                   00021740 0000000021681L
0730003    01553EUR2 00020063825  041225                                                  0000000276944C
0130002    01140EUR2 0000072L002  031225DSCM                             COMPTE COURANT   0000000001300}
0430002111701140EUR2E0000072L0023004122500041225REMISE CB NO 108724 DU 041225    0108724000000000012346E3902520493004108
0430002111201140EUR2E0000072L0021804122500041225ERF-TRD-0364886-02122025-1       0000000000000000002017{2015277300000000
0530002    01140EUR2 0000072L00218041225     NPYEDENRED FRANCE
0530002    01140EUR2 0000072L00218041225     LCCERF-TRD-0364886-02122025-1
0530002    01140EUR2 0000072L00218041225     RCNVSCT-TX-29115
0430002111701140EUR2E0000072L0023004122500041225REMISE CB NO 108698 DU 041225    0108698000000000000572{3902520493004108
0430002111201140EUR2E0000072L0021804122500041225CDJ-TRD-364886-20251203-03       0000000000000000000509H2015288000000000
0530002    01140EUR2 0000072L00218041225     NPYUP COOP
0530002    01140EUR2 0000072L00218041225     LCCCDJ-TRD-364886-20251203-03
0530002    01140EUR2 0000072L00218041225     RCN001DCLTA55LRL
0430002111201140EUR2E0000072L0021804122500041225VIR SEPA PLUXEE FRANCE           0000000000000000000413H2015283100000000
0530002    01140EUR2 0000072L00218041225     NPYPLUXEE FRANCE
0530002    01140EUR2 0000072L00218041225     RCNSOD-TRD-364886-30112025
0430002607001140EUR2E0000072L0026204122500041225COMMISSIONS SUR REMISE CB        0108724100000000000080L3922520493004108
0530002    01140EUR2 0000072L00262041225     LIBNO 108724 DU 041225            99
0430002607001140EUR2E0000072L0026204122500041225COMMISSIONS SUR REMISE CB        0108698100000000000005J3922520493004108
0530002    01140EUR2 0000072L00262041225     LIBNO 108698 DU 041225            99
0730002    01140EUR2 0000072L002  041225                                                  0000000014473G
0130003    01315EUR2 00020235828  031225PREVENTECH                       COMPTE COURANT   0000000387738H
0730003    01315EUR2 00020235828  041225                                                  0000000387738H
0130003    01553EUR2 00020052464  031225LA PAUSE DETENTE                 COMPTE COURANT   0000000070073E
0730003    01553EUR2 00020052464  041225                                                  0000000070073E