0130003    01312EUR2 00020493128  031225THEMA PLUS SARL               THEMA PLUS SARL     0000000227740H
0430003073001312EUR2 00020493128300412250004122503/12 R89194 CT3732430902        00891940 0000000001487BREMISE CB /
0530003    01312EUR2 0002049312830041225     LIBBT       150 00E COM     1 28E
0430003073001312EUR2 00020493128300412250004122503/12 R89146 CT3732430901        00891460 0000000001237{REMISE CB /
0530003    01312EUR2 0002049312830041225     LIBBT       125 00E COM     1 30E
0430003073001312EUR2 00020493128300412250004122503/12 R89205 CT3732430902        00892050 0000000000796FREMISE CB /
0530003    01312EUR2 0002049312830041225     LIBBT        80 00E COM     0 34E
0430003073001312EUR2 00020493128300412250004122503/12 R89147 CT3732430901        00891470 0000000000174BREMISE CB /
0530003    01312EUR2 0002049312830041225     LIBBT        17 50E COM     0 08E
0430003219001312EUR2 000204931281804122500041225VIR RECU     DELIVEROO FRANCE S  00000000 0000000003596D6582762508S
0530003    01312EUR2 0002049312818041225     NPYDELIVEROO FRANCE SAS
0530003    01312EUR2 0002049312818041225     RCN1050FR7CU5Q
0430003219001312EUR2 000204931281804122500041225CDJ-TRD-48237UP COOP             00000000 0000000000227{6581087259S
0530003    01312EUR2 0002049312818041225     NPYUP COOP
0530003    01312EUR2 0002049312818041225     LCCCDJ-TRD-482378-20251203-02
0530003    01312EUR2 0002049312818041225     RCN001DCLTA5517L
0430003500001312EUR2 00020493128C104122500041225000001 VIR INSTANTANE EMIS NET   10900060 0000000005731M583881090006
0530003    01312EUR2 00020493128C1041225     NBEM SMAIN ELAYDI                      04 12 BQ CEPA CPT 04400868374
0530003    01312EUR2 00020493128C1041225     REF032025338223288150000000
0530003    01312EUR2 00020493128C1041225     RCN032025338223288150000001
0530003    01312EUR2 00020493128C1041225     LCCSALAIRE
0530003    01312EUR2 00020493128C1041225     BDBCEPAFRPP751
0430003500001312EUR2 00020493128C104122500041225000001 VIR INSTANTANE EMIS NET   14185620 0000000010000}583881418562
0530003    01312EUR2 00020493128C1041225     NBEM. IKTERUDDIN MUNIR                 04 12 SG 01312 CPT 00050498536
0530003    01312EUR2 00020493128C1041225     REF032025338225753970000000
0530003    01312EUR2 00020493128C1041225     RCN032025338225753970000001
0530003    01312EUR2 00020493128C1041225     LCCSALAIRE
0530003    01312EUR2 00020493128C1041225     BDBSOGEFRPPXXX
0430003500001312EUR2 00020493128C104122500041225000001 VIR INSTANTANE EMIS NET   10904910 0000000010596Q583881090491
0530003    01312EUR2 00020493128C1041225     NBEM. MESNIERES KEVIN                  04 12 BQ AGRI CPT 97501571133
0530003    01312EUR2 00020493128C1041225     REF032025338223290910000000
0530003    01312EUR2 00020493128C1041225     RCNFACTURE 006
0530003    01312EUR2 00020493128C1041225     LCCFACTURE
0530003    01312EUR2 00020493128C1041225     BDBAGRIFRPP887
0730003    01312EUR2 00020493128  041225                                                  0000000208931{
0130003    00885EUR2 00020044765  031225SAS COUTURE IMMO                 COMPTE COURANT   0000000017509M
0430003376000885EUR2 000200447650204122500051225REMISE CHEQUE       0000393 338  00003930 0000000004587C
0530003    00885EUR2 0002004476502041225     LIBDE    1 CHQ 00885
0430003432000885EUR2 00020044765B104122500011225PRELEVEMENT/FLEADER RENT         10199810 0000000013369Q5101019981
0530003    00885EUR2 00020044765B1041225     NBELEADER RENT
0530003    00885EUR2 00020044765B1041225     IBEFR79ZZZ394833
0530003    00885EUR2 00020044765B1041225     LCCPRELEVEMENT/FACTURE BX100423/L
0530003    00885EUR2 00020044765B1041225     RCN20 100423L1
0430003661000885EUR2 000200447652804122500041225CARTE X6186 03/12 LAPOSTE G3321  00010000 0000000000526N30
0730003    00885EUR2 00020044765  041225                                                  0000000026818M
0130002    06938EUR2 0000071E365  031225SARL AGENCE DIAG EXPERT          COMPTE COURANT   0000000209886E
0730002    06938EUR2 0000071E365  041225                                                  0000000209886E
0130003    01312EUR2 00020562732  031225BCP SARL                                          0000000130327D
0430003501001312EUR2 00020562732C204122500041225SUMUP PID1447SUMUP LIMITED       18102940 0000000001886D583881810294
0530003    01312EUR2 00020562732C2041225     NPYSUMUP LIMITED
0530003    01312EUR2 00020562732C2041225     LCCSUMUP PID1447859 PAYOUT 041225
0530003    01312EUR2 00020562732C2041225     RCN1823171658
0530003    01312EUR2 00020562732C2041225     PDODE ALLEMAGNE
0430003501001312EUR2 00020562732C204122500031225FACTURE 19161TFA                 08354800 0000000001602{583780835480
0530003    01312EUR2 00020562732C2041225     NPYTFA
0530003    01312EUR2 00020562732C2041225     LCCFACTURE 19161
0430003501001312EUR2 00020562732C204122500031225FACTURE 19158TFA                 08369050 0000000000532A583780836905
0530003    01312EUR2 00020562732C2041225     NPYTFA
0530003    01312EUR2 00020562732C2041225     LCCFACTURE 19158
0730003    01312EUR2 00020562732  041225                                                  0000000134347I
0130002    06953EUR2 0000071G130  031225TECHNIQUES ET NORMES DE COUVERT  COMPTE COURANT   0000000350335I
0430002130106953EUR2E0000071G130C104122500041225JARDIN NOVEMBRE                  0000000000000000052548}2512042025120408
0530002    06953EUR2 0000071G130C1041225     NPYLE MOULIN DE LAUNOY
0530002    06953EUR2 0000071G130C1041225     LCCJARDIN NOVEMBRE
0530002    06953EUR2 0000071G130C1041225     RCNNOTPROVIDED
0430002111606953EUR2E0000071G1302804122500041225 CB79RELAIS GRAND     03/12/25   0096679000000000000513L3641820600104096
0530002    06953EUR2 0000071G13028041225     LIBCBLM THEODORE WIBAUX           99
0430002111606953EUR2E0000071G1302804122500041225 CB79INTERMARCHE      03/12/25   0096679000000000000318P3641870600104096
0530002    06953EUR2 0000071G13028041225     LIBCBLM THEODORE WIBAUX           99
0430002111606953EUR2E0000071G1302804122500041225 CB12APPLE.COM/BI     02/12/25   0186512000000000000199R3641655000104186
0530002    06953EUR2 0000071G13028041225     LIB0805540003     EUR        19 9999
0530002    06953EUR2 0000071G13028041225     LIBCBLM ANTHONY PILLOT            99
0430002111606953EUR2E0000071G1302804122500041225 CB79SARL/RESTAUR     03/12/25   0096679000000000000160}3643000300104096
0530002    06953EUR2 0000071G13028041225     LIBCBLM THEODORE WIBAUX           99
0430002111606953EUR2E0000071G1302804122500041225 CB79APRR NEMOURS     03/12/25   0096679000000000000032}3643000400104096
0530002    06953EUR2 0000071G13028041225     LIBCBLM THEODORE WIBAUX           99
0730002    06953EUR2 0000071G130  041225                                                  0000000296564{