0118079    60167EUR2 02590440468  011225DOCTEUR CHRISTOPHE LEFEVRE SELAR                  0000000000109Q0000
0418079    60167EUR2E0259044046805021225  021225VIR INST MADIO                   00000001 0000000000249A
0518079    60167EUR2 0259044046805021225     LIBVIREMENT INSTANTANE
0518079    60167EUR2 0259044046805021225     LIBVIREMENT VERS MADIO 25336IP1RT266682678
0718079    60167EUR2 02590440468  021225                                                  0000000000139C
0118079    60167EUR2 02588930433  011225SARL AGENCE DIAG EXPERT          COMPTE COURANT   0000000034008C0000
0418079    60167EUR2E0258893043328021225  021225CARTE 01/12 E.LECLERC LES AGEUX  00000000 0000000000483RMCC 5331 SUPERMA
0518079    60167EUR2 0258893043328021225     LIBMCC 5331 SUPERMAR EUR     48 39
0518079    60167EUR2 0258893043328021225     LIB4971330007221011000
0718079    60167EUR2 02588930433  021225                                                  0000000033524D