0110207    00052EUR2 22217782342  011225LK DEVELOPPEMENT                 COMPTE COURANT   0000001756402B
0710207    00052EUR2 22217782342  021225                                                  0000001756402B
0110107    00342EUR2 00929031259  011225SOCIETE CIVILE IMMOBILIERE IREM  COMPTE COURANT   0000000109715B
0410107020700342EUR2E0092903125930021225  021225REMISE CB            207    000  0140068  0000000000117B
0510107    00342EUR2 0092903125930021225     LIBMT. BRUT.          11 80 EUR REF. 5123018001
0510107    00342EUR2 0092903125930021225     LIB(FRAIS E.    0 08 DONT HT E.    0 07
0510107    00342EUR2 0092903125930021225     LIBTVA TAUX 20 00   E.    0 01)
0410107020700342EUR2E0092903125930021225  021225REMISE CB            207    000  0138652  0000000004342A
0510107    00342EUR2 0092903125930021225     LIBMT. BRUT.         437 35 EUR REF. 5123028001
0510107    00342EUR2 0092903125930021225     LIB(FRAIS E.    3 14 DONT HT E.    2 62
0510107    00342EUR2 0092903125930021225     LIBTVA TAUX 20 00   E.    0 52)
0410107020700342EUR2E0092903125930021225  021225REMISE CB            207    000  0120674  0000000000075{
0510107    00342EUR2 0092903125930021225     LIBMT. BRUT.           7 55 EUR REF. 5123018001
0510107    00342EUR2 0092903125930021225     LIB(FRAIS E.    0 05 DONT HT E.    0 04
0510107    00342EUR2 0092903125930021225     LIBTVA TAUX 20 00   E.    0 01)
0410107020700342EUR2E0092903125930021225  021225REMISE CB            207    000  0120988  0000000005867E
0510107    00342EUR2 0092903125930021225     LIBMT. BRUT.         591 00 EUR REF. 5123028001
0510107    00342EUR2 0092903125930021225     LIB(FRAIS E.    4 25 DONT HT E.    3 54
0510107    00342EUR2 0092903125930021225     LIBTVA TAUX 20 00   E.    0 71)
0410107051800342EUR2E00929031259B1021225  021225PRELEVEMENT SEPA     518    000  28174460 0000000001231K
0510107    00342EUR2 00929031259B1021225     NBEGOCARDLESS
0510107    00342EUR2 00929031259B1021225     LCCREF-47630F5EE031EBCFDA
0510107    00342EUR2 00929031259B1021225     IBEGB27ZZZSDDBARC0000007495895        SEPA
0510107    00342EUR2 00929031259B1021225     RUMTOPORDER-Q663EPPRW                 RCUR
0510107    00342EUR2 00929031259B1021225     RCND-004DR1V0FCES
0410107051800342EUR2E00929031259B1021225  021225PRELEVEMENT SEPA     518    000  28179310 0000000000151L
0510107    00342EUR2 00929031259B1021225     NBESWILE
0510107    00342EUR2 00929031259B1021225     LCCSWILE TRANSFER-114813-8080539
0510107    00342EUR2 00929031259B1021225     IBEFR74ZZZ838795                      SEPA
0510107    00342EUR2 00929031259B1021225     RUMSWILE-83302120700018-100819        RCUR
0510107    00342EUR2 00929031259B1021225     RCNC70696ACABC249E7920E97927DAF648C
0710107    00342EUR2 00929031259  021225                                                  0000000118734E
0110207    00007EUR2 22219897503  011225S.C.I. DAM                       COMPTE COURANT   0000000330462{
0410207022600007EUR2E2221989750391021225  011225ECHEANCE PRET                    8765492000000000027720KDONT CAP   2433
0510207    00007EUR2 2221989750391021225     LIBDONT CAP   2433 19 ASS.    0 00E
0510207    00007EUR2 2221989750391021225     LIB     INT.   338 83 COM.    0 00E
0410207059300007EUR2E2221989750305021225  021225VIR INST                         WFNF7BY000000000008500{SCTINSTOUTK QYUV
0510207    00007EUR2 2221989750305021225     LIBSCTINSTOUTKVQYUVTHT0IQZEACFS NCW
0510207    00007EUR2 2221989750305021225     LIBPAIEMENT LOYER DECEMBRE
0510207    00007EUR2 2221989750305021225     LIBVIR INST LUXURYNEST
0410207021400007EUR2E2221989750311021225  021225FACTURE CB                       FGUC3T2100000000000550QLEROY MERLIN   F
0510207    00007EUR2 2221989750311021225     LIBLEROY MERLIN   FR MASSY
0510207    00007EUR2 2221989750311021225     LIB55 08EUR 1 EURO   1 000000
0510207    00007EUR2 2221989750311021225     LIB011225 CB****4155
0710207    00007EUR2 22219897503  021225                                                  0000000310691{
0110107    00342EUR2 00312077208  011225AGP RENOVATION                   COMPTE COURANT   0000000038496G
0410107003800342EUR2E0031207720811021225  021225TRANSACTION CARTE    038    000  34635220 0000000000100}
0510107    00342EUR2 0031207720811021225     LIBFBLEAU LAVAGE   LE 30/11/25  CB.XXXXX4122
0510107    00342EUR2 0031207720811021225     LIBORIGINE   FRANCE            MONTANT   10 00 EUR
0710107    00342EUR2 00312077208  021225                                                  0000000038396G