0118079    75335EUR2 02618780483  011225BERGUERIE PHILIPPE                                0000002934958F0000
0418079    75335EUR2E0261878048305021225  021225VIR ALUPLAST                     00000001 0000000576000{
0518079    75335EUR2 0261878048305021225     NPYALUPLAST
0518079    75335EUR2 0261878048305021225     LCCFACTURE 001254 DEFICO
0518079    75335EUR2 0261878048305021225     RCN001254
0418079    75335EUR2E0261878048305021225  021225VIR CARLIMPEX                    00000001 0000000379237I
0518079    75335EUR2 0261878048305021225     NPYCARLIMPEX
0518079    75335EUR2 0261878048305021225     LCCCARLIMPEX V/F.F001256 DU 31/10/2025
0518079    75335EUR2 0261878048305021225     RCNCARLIMPEX/ DEFICO F.F001256
0418079    75335EUR2E0261878048306021225  021225VIR INTL EUR KUTAHYA AMBALAJ SAN 00000000 0000000249700}DE FI CO - INV 5
0518079    75335EUR2 0261878048306021225     LIBDE FI CO - INV 571   577 - INV 5
0518079    75335EUR2 0261878048306021225     LIBMGL008509824
0418079    75335EUR2E0261878048362021225  011225FOURNITURE D UNE CARTE DE DEBIT  00000001 0000000000040}INTERNATIONALE A
0518079    75335EUR2 0261878048362021225     LIBINTERNATIONALE A DEBIT IMMEDIAT)  CB VISA
0518079    75335EUR2 0261878048362021225     LIBBUSINESS
0418079    75335EUR2E02618780483B1021225  021225PRLV SFR                         00000000 0000000000689RSFR PRLVT SEPA 9
0518079    75335EUR2 02618780483B1021225     NBESFR
0518079    75335EUR2 02618780483B1021225     LCCSFR PRLVT SEPA 99-19DSK4-01 003473984873
0518079    75335EUR2 02618780483B1021225     RCN003473984873 99-19DSK4-01
0718079    75335EUR2 02618780483  021225                                                  0000003639766F
0119106    00015EUR2 44700092044  011225LA PAUSE DETENTE                 COMPTE COURANT   0000000130692B  231
0419106002600015EUR2E44700092044C1021225  021225VIR INST VERS BANDALUX INDUSTRI  0000000000000000002599J
0519106    00015EUR2 44700092044C1021225     NPYS.A.R.L. CUERS STORES
0519106    00015EUR2 44700092044C1021225     NBEBANDALUX INDUSTRIAL SA
0519106    00015EUR2 44700092044C1021225     LCCFACT BANDALUX CDD 706323
0519106    00015EUR2 44700092044C1021225     RCNFACT BANDALUX CDE 7066323
0519106    00015EUR2 44700092044C1021225     REF                                   EDB6E32DCCA0400795929BE192AA616A
0519106    00015EUR2 44700092044C1021225     CBEFR7619229758010500438000768
0719106    00015EUR2 44700092044  021225                                                  0000000128093A
0116606    00001EUR2 84881930507  011225PHI & AL                         COMPTE COURANT   0000000052533F  231
0716606    00001EUR2 84881930507  021225        ------------------------------            0000000052533F
0116106    00021EUR2 86409199433  011225MLLE PODEVIN PASCALE             LA CORVETTE      0000000018678I  231
0716106    00021EUR2 86409199433  021225        ------------------------------            0000000018678I
0116606    00001EUR2 84870140652  011225SAS NOOSA PIZZA   SERVAIS INGRID COMPTE COURANT   0000000040767E  231
0416606000000001EUR2E8487014065205021225  021225VIR MME YUE XU 0320253281323583  0000001100000000018200{
0516606    00001EUR2 8487014065205021225     NPYMME YUE XU
0516606    00001EUR2 8487014065205021225     NBEALEXANDRE LAPORTE
0516606    00001EUR2 8487014065205021225     LCCLOYER
0516606    00001EUR2 8487014065205021225     RCN032025328132358300000001
0516606    00001EUR2 8487014065205021225     LIBSOGEFRPP
0516606    00001EUR2 8487014065205021225     MMOEUR200000000182000
0716606    00001EUR2 84870140652  021225                                                  0000000058967E
0116606    00001EUR2 84857750987  011225AGP RENOVATION                   COMPTE COURANT   0000000091818I  231
0716606    00001EUR2 84857750987  021225        ------------------------------            0000000091818I
0118079    92214EUR2 02366320458  011225COMBAT AVOCATS                Compte courant Comb 0000000133834A0000
0718079    92214EUR2 02366320458  021225                                                  0000000133834A
0116106    00021EUR2 86405041234  011225TREXSO                           COMPTE COURANT   0000000004504F  231
0416106000400021EUR2E8640504123430021225  021225CARTE 0539511 001 856893 02/12   0000000100000000000861I
0716106    00021EUR2 86405041234  021225                                                  0000000005366E