0130004    00819EUR2 00010141000  031225MR CARTON MATTHIEU               COMPTE COURANT   0000002173975F
0430004056800819EUR2 0001014100018041225  041225CERTIS BELCHIM B.V.              0000000  0000000032250{01SPM020386-5644
0530004    00819EUR2 0001014100018041225     NPYCERTIS BELCHIM B.V.
0530004    00819EUR2 0001014100018041225     LCCF20251101
0530004    00819EUR2 0001014100018041225     RCN01SPM020386-56440710
0530004    00819EUR2 0001014100018041225     PDONL PAYS-BAS
0730004    00819EUR2 00010141000  041225                                                  0000002206225F
0130004    00816EUR2 00010219052  031225DR LAURENCE TRACQ                DOCTEUR LAURENCE 0000000443624{
0730004    00816EUR2 00010219052  041225                                                  0000000443624{
0130004    00967EUR2 00010226493  031225MENILLET COURTAGE                COMPTE COURANT   0000000004594F
0430004009900967EUR2 0001022649330041225  0412250412 N.22589 DE 75PARIS 16       222589   0000000000051E   N.COM.4147758
0530004    00967EUR2 0001022649330041225     LIB0412 N.22589 DE 75PARIS 16 N.COM.4147758012
0430004008300967EUR2 0001022649328041225  041225DU 031225 ESSO DACBOULBIL BOULO  00000000 0000000000051QG530973/ CARTE 4
0530004    00967EUR2 0001022649328041225     LIB974XXXXXXXX9300
0430004056800967EUR2 0001022649318041225  041225AMERICAN EXPRESS PAYMENTS EUROP  0000000  0000000000059{AMEXSCT745408597
0530004    00967EUR2 0001022649318041225     NPYAMERICAN EXPRESS PAYMENTS EUROPE SL
0530004    00967EUR2 0001022649318041225     LCCAMERICAN EXPRESS/SE7454085978/DT20251201/TR1/GR5.90/DI0.00
0530004    00967EUR2 0001022649318041225     RCNAMEXSCT74540859780493360106535T32
0530004    00967EUR2 0001022649318041225     PDOFR FRANCE
0430004056800967EUR2 0001022649318041225  041225EDENRED FRANCE                   0000000  0000000000105DVSCT-TX-23424
0530004    00967EUR2 0001022649318041225     NPYEDENRED FRANCE
0530004    00967EUR2 0001022649318041225     LCCERF-TRD-1107811-02122025-1
0530004    00967EUR2 0001022649318041225     RCNVSCT-TX-23424
0530004    00967EUR2 0001022649318041225     PDOFR FRANCE
0430004008300967EUR2 0001022649328041225  041225DU 031225 CERTAS ESSOF261 PARIS  00000000 0000000000823N CARTE 4974XXXXX
0530004    00967EUR2 0001022649328041225     LIBXXX0806
0730004    00967EUR2 00010226493  041225                                                  0000000003935B
0111006    43100EUR2 24592314909  031225GHM                              COMPTE COURANT   0000000270000{  233
0411006000043100EUR2E2459231490905041225  161225DE S.C.E.A. SCEA JARDIN BIO DU   0000000100000000050000{
0511006    43100EUR2 2459231490905041225     NPYS.C.E.A. SCEA JARDIN BIO DU BOIS RAM EAU
0511006    43100EUR2 2459231490905041225     NBES.C.E.A. SCEA JARDIN BIO DU BOIS RAM EAU
0511006    43100EUR2 2459231490905041225     LIBAGRIFRPP810
0511006    43100EUR2 2459231490905041225     MMOEUR200000000500000
0511006    43100EUR2 2459231490905041225     CBEFR7611006431002459231909428
0711006    43100EUR2 24592314909  041225                                                  0000000320000{
0118706    00000EUR2 97539269449  031225AUTO STORY                       COMPTE COURANT   0000000058759G  233
0718706    00000EUR2 97539269449  041225        ------------------------------            0000000058759G
0118706    00000EUR2 97547520124  031225CAUVALEX MANUTENTION             COMPTE COURANT   0000000020024Q  233
0718706    00000EUR2 97547520124  041225        ------------------------------            0000000020024Q
0111006    43100EUR2 52151693641  031225MENILLET COURTAGE                COMPTE COURANT   0000000015462G  233
0411006000043100EUR2E5215169364105041225  041225VIR ASP 089164375-692272-202512  0251203100000000092129G
0511006    43100EUR2 5215169364105041225     NPYASP
0511006    43100EUR2 5215169364105041225     NBESCEA JARDIN BIO DU BOIS RAM EAU
0511006    43100EUR2 5215169364105041225     LCCAIDES PAC 2025   089164375 692272 SCEA JARDIN BIO DU BOIS RAM EAU
0511006    43100EUR2 5215169364105041225     RCN089164375-692272-20251203
0511006    43100EUR2 5215169364105041225     LIBAGRIFRPP882
0511006    43100EUR2 5215169364105041225     MMOEUR200000000921297
0411006002643100EUR2E5215169364106041225  041225WEB S.C.E.A. SCEA JARDIN BIO     0000000000000000050000}
0511006    43100EUR2 5215169364106041225     NPYS.C.E.A. SCEA JARDIN BIO DU BOIS RAM EAU
0511006    43100EUR2 5215169364106041225     NBES.C.E.A. SCEA JARDIN BIO DU BOIS RAM EAU
0511006    43100EUR2 5215169364106041225     LIBAGRIFRPP810
0511006    43100EUR2 5215169364106041225     MMOEUR200000000500000
0511006    43100EUR2 5215169364106041225     CBEFR7611006431002459231909428
0411006000043100EUR2E52151693641C2041225  041225VIR INST DE MME VIRGINIE RIOTTE  0000000100000000000200E
0511006    43100EUR2 52151693641C2041225     NPYMME VIRGINIE RIOTTEAU
0511006    43100EUR2 52151693641C2041225     NBEJARDIN BIO DU BOIS RAM EAU
0511006    43100EUR2 52151693641C2041225     LCCREGLEMENT SOLDE FACTURE N 25-12-340
0511006    43100EUR2 52151693641C2041225     REF04000000254B6C0001000000404D5347   12A851E8B19844A487B889EA066C8949
0511006    43100EUR2 52151693641C2041225     CBEFR7611006431005215169146352
0711006    43100EUR2 52151693641  041225                                                  0000000057792I
0130004    00804EUR2 00010476479  031225SCI ACDB                         COMPTE COURANT   0000000583570H
0430004000100804EUR2 0001047647901041225  031225CHEQUE N.3515799                 35157990 0000000008934M
0730004    00804EUR2 00010476479  041225                                                  0000000574636D
0130004    01340EUR2 00010096067  031225GV LOGEMENT                      COMPTE COURANT   0000000039549{
0430004009901340EUR2 0001009606730031225  0412250312 N.09862 DE 78AUBERGENVILLE  209862   0000000000075G   N.COM.4988531
0530004    01340EUR2 0001009606730031225     LIB N.COM.4988531016
0430004009901340EUR2 0001009606730031225  0412250312 N.88690 DE 78AUBERGENVILLE  188690   0000000005711A   N.COM.4988532
0530004    01340EUR2 0001009606730031225     LIB N.COM.4988532013
0430004008501340EUR2 0001009606707041225  031225REG 0412 RELEVE 10691440         00000000 0000000010793K
0430004056801340EUR2 0001009606718041225  041225PLUXEE FRANCE                    0000000  0000000000375{SOD-TRD-2093591-
0530004    01340EUR2 0001009606718041225     NPYPLUXEE FRANCE
0530004    01340EUR2 0001009606718041225     RCNSOD-TRD-2093591-30112025
0530004    01340EUR2 0001009606718041225     PDOFR FRANCE
0430004056801340EUR2 0001009606718041225  041225UP COOP                          0000000  0000000000375E001DCLTA54JZL
0530004    01340EUR2 0001009606718041225     NPYUP COOP
0530004    01340EUR2 0001009606718041225     LCCCDJ-TRD-2093591-20251203-08
0530004    01340EUR2 0001009606718041225     RCN001DCLTA54JZL
0530004    01340EUR2 0001009606718041225     PDOFR FRANCE
0430004056801340EUR2 0001009606718041225  041225EDENRED FRANCE                   0000000  0000000000512FVSCT-TX-34867
0530004    01340EUR2 0001009606718041225     NPYEDENRED FRANCE
0530004    01340EUR2 0001009606718041225     LCCERF-TRD-2093591-02122025-1
0530004    01340EUR2 0001009606718041225     RCNVSCT-TX-34867
0530004    01340EUR2 0001009606718041225     PDOFR FRANCE
0430004045101340EUR2 0001009606704041225  04122504/12/25 10H21 0134099           0000000  0000000014007I
0430004052901340EUR2 0001009606721041225  041225/MOTIF VIREMENT DE LE FOURNIL D         0 0000000030000}
0530004    01340EUR2 0001009606721041225     NBELE FOURNIL AUBERGENVILLE
0530004    01340EUR2 0001009606721041225     LCCVIREMENT DE LE FOURNIL D AUBERGENVILLE
0430004045101340EUR2 0001009606704041225  04122504/12/25 10H22 0134038           0000000  0000000035300{
0730004    01340EUR2 00010096067  041225                                                  0000000055113F
0130004    01401EUR2 00010052800  031225GEOBATI                          COMPTE COURANT   0000000694357{
0430004081301401EUR2 00010052800B1041225  041225PRLV SEPA/EDF                           0 0000000001228RFR47EDF001007
0530004    01401EUR2 00010052800B1041225     NBEEDF
0530004    01401EUR2 00010052800B1041225     IBEFR47EDF001007
0530004    01401EUR2 00010052800B1041225     LCCOCTAVE AUDITION REF EDF 6091973171 RUM MA970001217083   2025-12-04
0530004    01401EUR2 00010052800B1041225     RCNZ006091973171 99285 2 FELIX 992
0530004    01401EUR2 00010052800B1041225     RUMMA970001217083                     RCUR
0730004    01401EUR2 00010052800  041225                                                  0000000693128A
0118706    00000EUR2 00032840693  031225AUTO MOTO ECOLE TINQUEUX         COMPTE COURANT   0000000336629E  233
0418706005000000EUR2E00032840693B1041225  041225ALAN INSURANCE                   0000000000000000004470}
0518706    00000EUR2 00032840693B1041225     NBEALAN INSURANCE
0518706    00000EUR2 00032840693B1041225     IBEFR58ZZZ88F0BD                      SEPA
0518706    00000EUR2 00032840693B1041225     NPYDOMISA GRAPHIQUE
0518706    00000EUR2 00032840693B1041225     REF303585734                          CITISEPA021225003571110004639
0518706    00000EUR2 00032840693B1041225     LCCALAN SANTE 60218
0518706    00000EUR2 00032840693B1041225     RUM386348098                          RCUR
0518706    00000EUR2 00032840693B1041225     CPYFR7618706000000003284396018
0418706000000000EUR2E0003284069305041225  041225VIR DEPOLIA 255423               0255423100000000000480{
0518706    00000EUR2 0003284069305041225     NPYDEPOLIA
0518706    00000EUR2 0003284069305041225     NBEDOMISA GRAPHIQUE
0518706    00000EUR2 0003284069305041225     RCN255423
0518706    00000EUR2 0003284069305041225     LIBSOGEFRPPXXX
0518706    00000EUR2 0003284069305041225     MMOEUR200000000004800
0418706005200000EUR2E0003284069311041225  041225CARTE X6618 SERIPRESS ST MARCEL  0000000000000000000375Q
0418706005200000EUR2E0003284069311041225  041225CARTE X6618 CARREFOUR MARKET MO  0000000000000000000540N
0418706000000000EUR2E00032840693C2041225  041225VIR INST DE SUMUP LIMITED        0000000100000000000373C
0518706    00000EUR2 00032840693C2041225     NPYSUMUP LIMITED
0518706    00000EUR2 00032840693C2041225     NBEDOMISA GRAPHIQUE
0518706    00000EUR2 00032840693C2041225     LCCSUMUP PID1447856 PAYOUT 041225
0518706    00000EUR2 00032840693C2041225     RCN1823143104
0518706    00000EUR2 00032840693C2041225     REF                                   F8234C44352048C1BFDBF6F56B5787B6
0518706    00000EUR2 00032840693C2041225     CBEFR7618706000000003284396018
0418706000000000EUR2E00032840693C2041225  041225VIR INST DE M. MESTARI MOUNIR    0000000100000000000800{
0518706    00000EUR2 00032840693C2041225     NPYM. MESTARI MOUNIR
0518706    00000EUR2 00032840693C2041225     NBESAS DOMISA GRAPHIQUE
0518706    00000EUR2 00032840693C2041225     RCNFACTURE 255600
0518706    00000EUR2 00032840693C2041225     REF                                   CC4E93098E914D57A1A521461085C67E
0518706    00000EUR2 00032840693C2041225     CBEFR7618706000000003284396018
0718706    00000EUR2 00032840693  041225                                                  0000000332896E
0118706    00000EUR2 72203315574  031225LE MARTELOT BRUNO                                 0000000088939{  233
0718706    00000EUR2 72203315574  041225        ------------------------------            0000000088939{
0130004    00809EUR2 00010212377  031225SC CAE                           COMPTE COURANT   0000000033047G
0730004    00809EUR2 00010212377  041225                                                  0000000033047G
0113807    00582EUR2 32721049459  031225BC2L IMMOBILIER                  COMPTE COURANT   0000000110086P
0413807020600582EUR2E3272104945930041225  031225REM CB CIONS         5386271016  0960970100000000000255{
0513807    00582EUR2 3272104945930041225     LIB                - NB0003/118970
0413807020600582EUR2E3272104945930041225  031225REM CB CIONS         5386298012  0970975100000000005434{
0513807    00582EUR2 3272104945930041225     LIB                - NB0082/118975
0413807061000582EUR2E3272104945966041225  031225COM CIONS CB         5386271016  0960970100000000000000R
0513807    00582EUR2 3272104945966041225     LIB                - NB0003/118970
0413807061000582EUR2E3272104945966041225  031225COM CIONS CB         5386298012  0970975100000000000024M
0513807    00582EUR2 3272104945966041225     LIB                - NB0082/118975
0413807022100582EUR2E3272104945907041225  291125LCR GRANDS MOULINS DE RENNES     3344158000000000001793RECH:28/11/25
0513807    00582EUR2 3272104945907041225     LIBECH:28/11/25
0413807022100582EUR2E3272104945907041225  291125LCR GRANDS MOULINS DE RENNES     3344159000000000002466JECH:28/11/25
0513807    00582EUR2 3272104945907041225     LIBECH:28/11/25
0413807053700582EUR2E3272104945908041225  041225PRLV SEPA MICHARD BRETAGNE       0AG7VFC000000000001416R
0513807    00582EUR2 3272104945908041225     LIBPRELEVEMENT FACTURE 925065388 FA
0513807    00582EUR2 3272104945908041225     LIB++R450387006---0001523200105659
0513807    00582EUR2 3272104945908041225     NPYBOULANGERIE FLEURY
0513807    00582EUR2 3272104945908041225     NBEMICHARD BRETAGNE
0513807    00582EUR2 3272104945908041225     IBEFR89ZZZ388251                      SEPA
0513807    00582EUR2 3272104945908041225     LCCPRELEVEMENT FACTURE 925065388 FACTURE CLIENT 00015232 BOULANGERIE FLEU
0513807    00582EUR2 3272104945908041225     LC2RY
0513807    00582EUR2 3272104945908041225     RCNFPRE/251120095523/04122025/273
0513807    00582EUR2 3272104945908041225     REF3375009LSD5                        CACP.302765764.182
0513807    00582EUR2 3272104945908041225     RUM++R450387006---0001523200105659    RCUR
0513807    00582EUR2 3272104945908041225     CPYFR7613807005823272104954954
0713807    00582EUR2 32721049459  041225                                                  0000000110099R