0110278    37531EUR2 00012903099  031225AU COEUR DES BEBES MAISON MEDICA COMPTE COURANT   0000000018957C031225041225
0710278    37531EUR2 00012903099  041225                                                  0000000018957C
0110278    37531EUR2 00012902099  031225AGP RENOVATION                   COMPTE COURANT   0000006228678H031225041225
0410278916237531EUR2 00012902099B1041225  041225PRLV SEPA GROUPAMA GAN VIE       0000000000000000000618R
0510278    37531EUR2 00012902099B1041225     LIBMS01GVI4A2PNT54140006301 - 2500
0510278    37531EUR2 00012902099B1041225     LIBCC6 - ENCAISSEMENT - PRIME - 250000
0510278    37531EUR2 00012902099B1041225     RIBFR7630004008190001643607761          BNPAFRPPXXX
0510278    37531EUR2 00012902099B1041225     NOMGROUPAMA GAN VIE                   VERNIS PLUS
0510278    37531EUR2 00012902099B1041225     NBEGROUPAMA GAN VIE                    2 BOULEVARD PESARO IMMEUBLE WP2
0510278    37531EUR2 00012902099B1041225     IBEFR44ZZZ102911
0510278    37531EUR2 00012902099B1041225     NPYVERNIS PLUS
0510278    37531EUR2 00012902099B1041225     LCCMS01GVI4A2PNT54140006301 - 2500009KCC6 - ENCAISSEMENT - PRIME - 250000
0510278    37531EUR2 00012902099B1041225     LC2KDZSX - 01/12/2025 - 31/12/2025 - 4N010886208X
0510278    37531EUR2 00012902099B1041225     RCN500920381206-2500009KCC6
0510278    37531EUR2 00012902099B1041225     RUMMS01GVI4A2PNT54140006301
0510278    37531EUR2 00012902099B1041225     CPYFR7610278375310001290990257
0410278039037531EUR2 0001290209930041225  051225REMCB00346 NB0001 TPE299138701   0800346 00000000008080F
0410278039737531EUR2 0001290209962041225  051225COMCB00346 NB0001 TPE299138701   0800346100000000000161O
0410278930537531EUR2 0001290209918041225  041225CADRE EN SEINE ATELIER           0000000 00000000024959H
0510278    37531EUR2 0001290209918041225     LIBFACTURE FC5790
0510278    37531EUR2 0001290209918041225     NOMCADRE EN SEINE ATELIER             VERNIS PLUS
0510278    37531EUR2 0001290209918041225     NBEVERNIS PLUS
0510278    37531EUR2 0001290209918041225     NPYCADRE EN SEINE ATELIER
0510278    37531EUR2 0001290209918041225     LCCCADRE EN SEINE ATELIER             FACTURE FC5790
0510278    37531EUR2 0001290209918041225     LC2CLIENT 547
0510278    37531EUR2 0001290209918041225     RCNVK533731SH59QT01
0510278    37531EUR2 0001290209918041225     REFVK533731SH59QT01
0510278    37531EUR2 0001290209918041225     CBEFR7610278375310001290990257
0410278930537531EUR2 0001290209918041225  041225VIR DECORAMA                     0000000 00000000098847F
0510278    37531EUR2 0001290209918041225     LIBDECSFRF014964
0510278    37531EUR2 0001290209918041225     NOMDECORAMA                           VERNIS
0510278    37531EUR2 0001290209918041225     NBEVERNIS
0510278    37531EUR2 0001290209918041225     NPYDECORAMA
0510278    37531EUR2 0001290209918041225     LCC/INV/FC5377 30.9.20253300001522
0510278    37531EUR2 0001290209918041225     RCNDECSFRF014964
0510278    37531EUR2 0001290209918041225     REF01-004133000015222025
0510278    37531EUR2 0001290209918041225     CBEFR7610278375310001290990257
0410278931537531EUR2 0001290209945041225  041225FRACTAL SPOLKA Z OGRANICZONA OD  0000000 00000000023365F
0510278    37531EUR2 0001290209945041225     LIBDE7424         /C03P25338800021
0510278    37531EUR2 0001290209945041225     NOMFRACTAL SPOLKA Z OGRANICZONA ODPOWIVERNIS PLUS  12 RUE DES AULNAIES  9
0510278    37531EUR2 0001290209945041225     NBEVERNIS PLUS  12 RUE DES AULNAIES  9
0510278    37531EUR2 0001290209945041225     NPYFRACTAL SPOLKA Z OGRANICZONA ODPOWIUL. SAPEROW BYDGOSZCZ 85-542
0510278    37531EUR2 0001290209945041225     LCCDE7424
0510278    37531EUR2 0001290209945041225     RCNNOTPROVIDED
0410278930537531EUR2 0001290209918041225  041225VIR CROIXMARIE                   0000000 00000000007852G
0510278    37531EUR2 0001290209918041225     LIBFC5838/126896              /31-
0510278    37531EUR2 0001290209918041225     NOMCROIXMARIE                         VERNIS
0510278    37531EUR2 0001290209918041225     NBEVERNIS
0510278    37531EUR2 0001290209918041225     NPYCROIXMARIE
0510278    37531EUR2 0001290209918041225     LCC025
0510278    37531EUR2 0001290209918041225     RCNFC5838/126896              /31-10-2
0510278    37531EUR2 0001290209918041225     REF0002098800196112
0510278    37531EUR2 0001290209918041225     CBEFR7610278375310001290990257
0410278930537531EUR2 0001290209918041225  041225VIR BDE                          0000000 00000000011314I
0510278    37531EUR2 0001290209918041225     LIBVIR CPI GLOB 00025
0510278    37531EUR2 0001290209918041225     NOMBDE                                VERNIS
0510278    37531EUR2 0001290209918041225     NBEVERNIS
0510278    37531EUR2 0001290209918041225     NPYBDE
0510278    37531EUR2 0001290209918041225     RCNVIR CPI GLOB 00025
0510278    37531EUR2 0001290209918041225     CBEFR7610278375310001290990257
0410278900237531EUR2 0001290209906041225  041225VIR RBT FC5773 CREAGENCEURS      0000000000000000003407L
0410278930537531EUR2 0001290209918041225  041225VIR SARL  RAPHAEL ARMAND LUM     0000000 00000000005306I
0510278    37531EUR2 0001290209918041225     LIBVIREMENT DE SARL RAPHAEL ARMAND
0510278    37531EUR2 0001290209918041225     LIBLAMP IRANA
0510278    37531EUR2 0001290209918041225     NOMSARL  RAPHAEL ARMAND LUMINAIRES    VERNIS PLUS
0510278    37531EUR2 0001290209918041225     NBEVERNIS PLUS
0510278    37531EUR2 0001290209918041225     NPYSARL  RAPHAEL ARMAND LUMINAIRES
0510278    37531EUR2 0001290209918041225     LCCCOMMANDE DE7430 CL2256 REF PEINTURELAMP IRANA
0510278    37531EUR2 0001290209918041225     RCNVIREMENT DE SARL RAPHAEL ARMAND LUM
0510278    37531EUR2 0001290209918041225     REFT253380012950022
0510278    37531EUR2 0001290209918041225     CBEFR7610278375310001290990257
0410278038137531EUR2 0001290209928041225  041225PAIEMENT PSC 0212 MAGNY EN VEXI  0000000000000000000120}
0510278    37531EUR2 0001290209928041225     LIBELEPHANT BLEU    CARTE 2742
0410278038137531EUR2 0001290209928041225  041225PAIEMENT PSC 0312 MAGNY EN VEX   0000000000000000000101J
0510278    37531EUR2 0001290209928041225     LIBSODIMAGG         CARTE 1434
0410278038937531EUR2 0001290209962041225  041225FRAIS PAIE CB OP 269 99    EUR   0000000100000000000070Q
0410278038137531EUR2 0001290209928041225  041225PAIEMENT CB  0312 269 99    EUR  0000000000000000002699R
0510278    37531EUR2 0001290209928041225     LIBSHARKNINJA       CARTE 2742
0410278038137531EUR2 0001290209928041225  041225PAIEMENT PSC 0212 MAGNY EN VEXI  0000000000000000000120}
0510278    37531EUR2 0001290209928041225     LIBELEPHANT BLEU    CARTE 2742
0410278900637531EUR2 0001290209918041225  041225AMADEUS SAS                      0000000 00000000012175G
0510278    37531EUR2 0001290209918041225     LIBVG53382YT1PYRX01
0510278    37531EUR2 0001290209918041225     LIBFC5676
0510278    37531EUR2 0001290209918041225     NOMAMADEUS
0510278    37531EUR2 0001290209918041225     NPYAMADEUS
0510278    37531EUR2 0001290209918041225     LCCAMADEUS SAS                        FC5676
0510278    37531EUR2 0001290209918041225     RCNVG53382YT1PYRX01
0710278    37531EUR2 00012902099  041225                                                  0000006413283{
0130066    10323EUR2 00020541061  031225CABALOI                          COMPTE COURANT   0000000030599H031225041225
0430066916210323EUR2 00020541061B1041225  041225PRLV SEPA BUTAGAZ SAS            0000000000000000005014Q
0530066    10323EUR2 00020541061B1041225     LIB/INV/0010082648 24.11.2025
0530066    10323EUR2 00020541061B1041225     RIBFR7630004025110001126792668          BNPAFRPPXXX
0530066    10323EUR2 00020541061B1041225     NOMBUTAGAZ SAS                        PORTE ROUGE AUTOMOBILES
0530066    10323EUR2 00020541061B1041225     NBEBUTAGAZ SAS                         .
0530066    10323EUR2 00020541061B1041225     IBEFR27ZZZ100404
0530066    10323EUR2 00020541061B1041225     NPYPORTE ROUGE AUTOMOBILES
0530066    10323EUR2 00020541061B1041225     LCC/INV/0010082648 24.11.2025
0530066    10323EUR2 00020541061B1041225     RCN2900319085
0530066    10323EUR2 00020541061B1041225     REF01-BTZ-29003190852026
0530066    10323EUR2 00020541061B1041225     RUMZB00912592
0530066    10323EUR2 00020541061B1041225     CPYFR7630066103230002054160108
0430066026410323EUR2 0002054106107041225  041225EFFET DOMICILIE   RELEVE 388853  0000000000000000003834M
0730066    10323EUR2 00020541061  041225                                                  0000000021750F
0110096    18171EUR2 00024531048  031225AGENCE LOCALE D               ALEC SUD PARISIENNE 0000000142601{031225041225
0710096    18171EUR2 00024531048  041225                                                  0000000142601{