0130066    10383EUR2 00020481063  021225EI AIGU MELANIE                  COMPTE COURANT   0000000531400E021225031225
0730066    10383EUR2 00020481063  031225                                                  0000000531400E
0110278    06062EUR2 00020942038  021225SC DIOT INVEST                   COMPTE COURANT   0000000009456I021225031225
0710278    06062EUR2 00020942038  031225                                                  0000000009456I
0130087    33780EUR2 00020051034  021225PLOMBERIE PLISSON                COMPTE COURANT   0000000019250{021225031225
0430087085533780EUR2 0002005103495021225  021225GDC 300873378000020050501        0050501100000000019250}
0430087023533780EUR2 0002005103404031225  031225007260726 PLV000023293 02122025  2122025 00000000020800{
0530087    33780EUR2 0002005103404031225     LIB2080 00   B MAGDIJON
0730087    33780EUR2 00020051034  031225                                                  0000000020800{