0130004    00777EUR2 00000192376  031225SCI FABRICE                      COMPTE COURANT   0000000039674B
0430004051600777EUR2 00000192376C1041225  041225FACTURE LERENARD                 00000000 0000000004321LNOTPROVIDED
0530004    00777EUR2 00000192376C1041225     LCCFACTURE LERENARD
0530004    00777EUR2 00000192376C1041225     NBESARL LAURENT LERENARD
0530004    00777EUR2 00000192376C1041225     REFB4A430C4C1D8471EA8332CD29671E107
0530004    00777EUR2 00000192376C1041225     RCNNOTPROVIDED
0430004056800777EUR2 0000019237618041225  041225/DE ASP /MOTIF AIDES PAC 2025    0000000  0000000007065A
0530004    00777EUR2 0000019237618041225     LCCAIDES PAC 2025   014033626 531592 LEFRANCOIS JEROME
0530004    00777EUR2 0000019237618041225     REF014033626-531592-20251203
0730004    00777EUR2 00000192376  041225                                                  0000000042418{
0130004    00969EUR2 00010119059  031225STOORM                           CCE STOORM       0000000887092{
0430004009900969EUR2 0001011905930031225  0412250312 N.96750 DE 75PARIS 5        196750   0000000000169I   N.COM.4512923
0530004    00969EUR2 0001011905930031225     LIB0312 N.96750 DE 75PARIS 5 N.COM.4512923011
0430004009900969EUR2 0001011905930031225  0412250312 N.85375 DE 75PARIS 05       185375   0000000004359I   N.COM.4118705
0530004    00969EUR2 0001011905930031225     LIB0312 N.85375 DE 75PARIS 05 N.COM.4118705012
0430004009900969EUR2 0001011905930031225  0412250312 N.02372 DE 75PARIS 5        202372   0000000014751B   N.COM.4669517
0530004    00969EUR2 0001011905930031225     LIB0312 N.02372 DE 75PARIS 5 N.COM.4669517011
0430004000100969EUR2 0001011905901041225  031225CHEQUE N.9779659                 97796590 0000000003891K
0430004009900969EUR2 0001011905930041225  0412250412 N.37827 DE 75PARIS 05       137827   0000000006213E   N.COM.4118705
0530004    00969EUR2 0001011905930041225     LIB0412 N.37827 DE 75PARIS 05 N.COM.4118705012
0730004    00969EUR2 00010119059  041225                                                  0000000908695C
0130004    00079EUR2 00010428299  031225AGENCE LOCALE D               ALEC SUD PARISIENNE 0000000538927G
0430004001200079EUR2 0001042829962041225  041225SUR REMISE C.B. DU 0412 N.23419  00000001 0000000000001Q N.COM.428761101
0530004    00079EUR2 0001042829962041225     LIB1
0430004001200079EUR2 0001042829962041225  041225SUR REMISE C.B. DU 0412 N.13880  00000001 0000000000061M N.COM.428761101
0530004    00079EUR2 0001042829962041225     LIB1
0430004009900079EUR2 0001042829930041225  0412250412 N.23419 DE 77FONTAINEBLEAU  123419   0000000000537{   N.COM.4287611
0530004    00079EUR2 0001042829930041225     LIB N.COM.4287611011
0430004009900079EUR2 0001042829930041225  0412250412 N.13880 DE 77FONTAINEBLEAU  113880   0000000011723A   N.COM.4287611
0530004    00079EUR2 0001042829930041225     LIB N.COM.4287611011
0730004    00079EUR2 00010428299  041225                                                  0000000551124F
0130004    00777EUR2 00010017648  031225NEXTTICK                         COMPTE COURANT   0000000127573D
0730004    00777EUR2 00010017648  041225                                                  0000000127573D