0120041    01005EUR2 2724317620J  021225AGP RENOVATION                   COMPTE COURANT   0000009558153E
0420041851001005EUR2E2724317620JC2031225  031225VIRTRECU SCTINST                 00000001 0000000000297H
0520041    01005EUR2 2724317620JC2031225     NPYM.OU MME CAETANO GABRIEL
0520041    01005EUR2 2724317620JC2031225     RCNDevis DEV2025-11-08627
0520041    01005EUR2 2724317620JC2031225     LCCDevis DEV2025-11-08627
0520041    01005EUR2 2724317620JC2031225     LIBAGRIFRPP845FR7614506000437282380328296
0520041    01005EUR2 2724317620JC2031225     NBEEURO DIFFUSION - SQUAREFLOOR
0420041851001005EUR2E2724317620JC2031225  031225VIRTRECU SCTINST                 00000001 0000000004366C
0520041    01005EUR2 2724317620JC2031225     NPYSAS BEST AUTO MO
0520041    01005EUR2 2724317620JC2031225     RCNNOTPROVIDED
0520041    01005EUR2 2724317620JC2031225     LCCCommande devis 11 08618
0520041    01005EUR2 2724317620JC2031225     LIBBNPAFRPPXXXFR7630004026290001004819606
0520041    01005EUR2 2724317620JC2031225     NBESAS EURO DIFFUSION
0420041851001005EUR2E2724317620JC2031225  031225VIRTRECU SCTINST                 00000001 0000000008925A
0520041    01005EUR2 2724317620JC2031225     NPYSAS BEST AUTO MO
0520041    01005EUR2 2724317620JC2031225     RCNNOTPROVIDED
0520041    01005EUR2 2724317620JC2031225     LCCCommande Italie devis 12 08714 Draghi formaggi
0520041    01005EUR2 2724317620JC2031225     LIBBNPAFRPPXXXFR7630004026290001004819606
0520041    01005EUR2 2724317620JC2031225     NBESAS EURO DIFFUSION
0420041851001005EUR2E2724317620JC2031225  031225VIRTRECU SCTINST                 00000001 0000000013445C
0520041    01005EUR2 2724317620JC2031225     NPYSAS BEST AUTO MO
0520041    01005EUR2 2724317620JC2031225     RCNNOTPROVIDED
0520041    01005EUR2 2724317620JC2031225     LCCCommande Italie devis 11 08504 GV rent
0520041    01005EUR2 2724317620JC2031225     LIBBNPAFRPPXXXFR7630004026290001004819606
0520041    01005EUR2 2724317620JC2031225     NBESAS EURO DIFFUSION
0420041851001005EUR2E2724317620J18031225  031225VIRTRECU SCT                     00000001 0000000013900B
0520041    01005EUR2 2724317620J18031225     NPYOLIVCAB REPROG
0520041    01005EUR2 2724317620J18031225     RCNNOTPROVIDED
0520041    01005EUR2 2724317620J18031225     LCCOLIVCAB REPROG - DEV2025-10-08427
0520041    01005EUR2 2724317620J18031225     LIBCMBRFR2BXXXFR7615589228040906388904014
0520041    01005EUR2 2724317620J18031225     MMOEUR20000000013900200
0420041851001005EUR2E2724317620JC2031225  031225VIRTRECU SCTINST                 00000001 0000000015794D
0520041    01005EUR2 2724317620JC2031225     NPYSAS BEST AUTO MO
0520041    01005EUR2 2724317620JC2031225     RCNNOTPROVIDED
0520041    01005EUR2 2724317620JC2031225     LCCCommande Italie devis 11 08667 BA di Battistelli Andrea
0520041    01005EUR2 2724317620JC2031225     LIBBNPAFRPPXXXFR7630004026290001004819606
0520041    01005EUR2 2724317620JC2031225     NBESAS EURO DIFFUSION
0420041851001005EUR2E2724317620JC2031225  031225VIRTRECU SCTINST                 00000001 0000000016959A
0520041    01005EUR2 2724317620JC2031225     NPYBME CONSULTING
0520041    01005EUR2 2724317620JC2031225     RCNSCTINSTOUTdd9SfImoRueNoQUcU82dsQ
0520041    01005EUR2 2724317620JC2031225     LCCP58426 - 10008114
0520041    01005EUR2 2724317620JC2031225     LIBQNTOFRP1XXXFR7616958000015339408526271
0520041    01005EUR2 2724317620JC2031225     NBEEURO DIFFUSION
0420041851001005EUR2E2724317620JC2031225  031225VIRTRECU SCTINST                 00000001 0000000023508{
0520041    01005EUR2 2724317620JC2031225     NPYS.A.R.L. F.R.H.
0520041    01005EUR2 2724317620JC2031225     RCNNOTPROVIDED
0520041    01005EUR2 2724317620JC2031225     LCCDEVIS DEV2025-11-08511
0520041    01005EUR2 2724317620JC2031225     LIBAGRIFRPP882FR7618206000486507648355207
0520041    01005EUR2 2724317620JC2031225     NBESAS EURO DIFFUSION
0720041    01005EUR2 2724317620J  031225                                                  0000009655349G0000000000000{
0130056    00615EUR2 06150066951  021225EIRL DE FARIA PLOMBERIE          COMPTE COURANT   0000000006052G
0730056    00615EUR2 06150066951  031225                                                  0000000006052G