0118206    00355EUR2 58517721003  011225THEMA PLUS SARL               THEMA PLUS SARL     0000000395904F  231
0718206    00355EUR2 58517721003  021225        ------------------------------            0000000395904F
0117515RLV 00092EUR2 08500847725  011225PAGE STEPHIE DOMINIQUE           COMPTE COURANT   0000000294153{        DATALYS
0417515RLV 00092EUR2E0850084772518021225  021225VIR INST MME VALLART FRANCOISE   49386331 0000000004300{
0517515    00092EUR2 0850084772518021225     LIB2533622I40197384          25336U
0517515    00092EUR2 0850084772518021225     NPYMME VALLART FRANCOISE
0517515    00092EUR2 0850084772518021225     NBECENTRE MUSICAL ET INITIATIVES
0517515    00092EUR2 0850084772518021225     RCNVALLART
0517515    00092EUR2 0850084772518021225     REF                                   +KVIOP583618787935TE
0417515RLV 00092EUR2E0850084772502021225  031225REMISE CHEQUES N  7154238        71542381 0000000009630{
0517515    00092EUR2 0850084772502021225     LIBREMIS LE 02/12/2025  L ISLE ADAM
0717515RLV 00092EUR2 08500847725  021225                                                  0000000308083{
0118206    00218EUR2 53554641009  011225EKITE                            CCE EKITE        0000000570671B  231
0418206005000218EUR2E53554641009B1021225  021225ELECTRICITE DE FRANCE            0000000000000000002594J
0518206    00218EUR2 53554641009B1021225     NBEELECTRICITE DE FRANCE
0518206    00218EUR2 53554641009B1021225     IBEFR47EDF001007                      SEPA
0518206    00218EUR2 53554641009B1021225     NPYJULIEN MARIE
0518206    00218EUR2 53554641009B1021225     REF303204387                          I0001621587569
0518206    00218EUR2 53554641009B1021225     LCCJULIEN               MARIE                NUMERO DE CLIENT   502515186
0518206    00218EUR2 53554641009B1021225     LC23 - NUMERO DE COMPTE   7024059155
0518206    00218EUR2 53554641009B1021225     RUM++MM502515186390010                RCUR
0518206    00218EUR2 53554641009B1021225     CPYFR7618206002185355464900126
0418206000000218EUR2E5355464100905021225  021225VIR CPAM DU VAL D OISE 00000095  0251201100000000001200{
0518206    00218EUR2 5355464100905021225     NPYCPAM DU VAL D OISE
0518206    00218EUR2 5355464100905021225     NBEJULIEN MARIE
0518206    00218EUR2 5355464100905021225     LCC0000009580827373328500251201
0518206    00218EUR2 5355464100905021225     RCN0000009580827373328500251201
0518206    00218EUR2 5355464100905021225     LIBBREDFRPPXXX
0518206    00218EUR2 5355464100905021225     MMOEUR200000000012000
0418206000200218EUR2E5355464100902021225  031225REMISE CHQ 0268933               0268933100000000007340{
0418206002600218EUR2E53554641009C1021225  021225VIR INST VERS AGENCE STELLA      0000000000000000008032M
0518206    00218EUR2 53554641009C1021225     NPYMLE JULIEN MARIE
0518206    00218EUR2 53554641009C1021225     NBEAGENCE STELLA
0518206    00218EUR2 53554641009C1021225     RCNLOYER
0518206    00218EUR2 53554641009C1021225     REF                                   A9B2897C05B443518F3E6E9F531E5470
0518206    00218EUR2 53554641009C1021225     CBEFR0330002005130000012701S83
0718206    00218EUR2 53554641009  021225                                                  0000000568584G
0118206    00130EUR2 47457671008  011225EIRL M ZHANG MARC                COMPTE COURANT   0000004180368H  231
0418206007800130EUR2E4745767100862011225  021225FRAIS LOCATION  QUIPEMENT DE PA  0000000100000000000144}
0418206000000130EUR2E4745767100805021225  021225VIR CIRANO FOX 06/11/25          0000000100000000005806F
0518206    00130EUR2 4745767100805021225     NPYCIRANO
0518206    00130EUR2 4745767100805021225     NBEGDE - GARAGE DES ECOLES AGENT
0518206    00130EUR2 4745767100805021225     LCCGDE - GARAGE DES ECOLES AGENT
0518206    00130EUR2 4745767100805021225     RCNFOX 06/11/25
0518206    00130EUR2 4745767100805021225     LIBCEPAFRPP627
0518206    00130EUR2 4745767100805021225     MMOEUR200000000058066
0418206000000130EUR2E4745767100805021225  021225VIR CIRANO FOX 06/11/25          0000000100000000004784B
0518206    00130EUR2 4745767100805021225     NPYCIRANO
0518206    00130EUR2 4745767100805021225     NBEGDE - GARAGE DES ECOLES AGENT
0518206    00130EUR2 4745767100805021225     LCCGDE - GARAGE DES ECOLES AGENT
0518206    00130EUR2 4745767100805021225     RCNFOX 06/11/25
0518206    00130EUR2 4745767100805021225     LIBCEPAFRPP627
0518206    00130EUR2 4745767100805021225     MMOEUR200000000047842
0418206000400130EUR2E4745767100830021225  021225CARTE 5941175 003 892791 02/12   0000000100000000015028C
0418206005800130EUR2E4745767100862021225  021225CARTE 5941175 003 892791 02/12   0000000100000000000037O
0418206000000130EUR2E4745767100805021225  021225VIR ENTREPRISE DE TRAVAUX FAYOL  0006941100000000023096D
0518206    00130EUR2 4745767100805021225     NPYENTREPRISE DE TRAVAUX FAYOLLE
0518206    00130EUR2 4745767100805021225     NBEGARAGE DES ECOLES
0518206    00130EUR2 4745767100805021225     LCC/INV/176351 23.10.2025/INV/176412 27.10.2025/INV/176502 31.10.2025
0518206    00130EUR2 4745767100805021225     RCN2000006941
0518206    00130EUR2 4745767100805021225     LIBBREDFRPPXXX
0518206    00130EUR2 4745767100805021225     MMOEUR200000000230964
0418206000000130EUR2E4745767100805021225  021225VIR FATEC GROUP SCT2512FTG13000  3000383100000000005045I
0518206    00130EUR2 4745767100805021225     NPYFATEC GROUP
0518206    00130EUR2 4745767100805021225     NBEGARAGE DES ECOLES
0518206    00130EUR2 4745767100805021225     NPOFATEC GROUP
0518206    00130EUR2 4745767100805021225     NBUGARAGE DES ECOLES
0518206    00130EUR2 4745767100805021225     LCC176077
0518206    00130EUR2 4745767100805021225     RCNSCT2512FTG13000383
0518206    00130EUR2 4745767100805021225     LIBAGRIFRPP813
0518206    00130EUR2 4745767100805021225     MMOEUR200000000050459
0418206002100130EUR2E4745767100807021225  021225EFFET DOMICILIES                 00     000000000025337K
0718206    00130EUR2 47457671008  021225                                                  0000004208611D
0118206    00105EUR2 31536761000  011225AP LESAGE                        COMPTE COURANT   0000000029447B  231
0418206007800105EUR2E3153676100062011225  021225FRAIS LOCATION  QUIPEMENT DE PA  0000000100000000000180}
0718206    00105EUR2 31536761000  021225                                                  0000000029267B
0118206    00062EUR2 23356891003  011225SCI GJMF 2                    SCI GJMF 2          0000000043297F  231
0418206007800062EUR2E2335689100362011225  021225FRAIS LOCATION  QUIPEMENT DE PA  0000000100000000000396}
0418206004400062EUR2E2335689100301021225  021225CHEQUE NO 1031823                1031823000000000011321L
0718206    00062EUR2 23356891003  021225                                                  0000000031580C