0130003    00715EUR2 00120084832  271125DECOFOR                          DECOFOR S.A.S    0000000001929D
0730003    00715EUR2 00120084832  281125                                                  0000000001929D
0130004    01333EUR2 00010241889  271125EKITE                            CCE EKITE        0000000003074N
0430004081301333EUR2 00010241889B1281125  281125PRLV SEPA/EDF                           0 0000000004425PFR47EDF001007
0530004    01333EUR2 00010241889B1281125     NBEEDF
0530004    01333EUR2 00010241889B1281125     IBEFR47EDF001007
0530004    01333EUR2 00010241889B1281125     LCCRCR REF EDF 3474635648 RUM MA970000795154   2025-11-28
0530004    01333EUR2 00010241889B1281125     RCNZ003474635648 99285 2 FELIX 992
0530004    01333EUR2 00010241889B1281125     RUMMA970000795154                     RCUR
0730004    01333EUR2 00010241889  281125                                                  0000000007500K
0130003    00712EUR2 00020517463  271125GHM                              COMPTE COURANT   0000000049173F
0430003377000712EUR2 000205174630128112500271125CHEQUE      25                   00000250 0000000002976}
0730003    00712EUR2 00020517463  281125                                                  0000000046197F
0130004    01333EUR2 00010183951  271125DOCTEUR AUDREY MARQUET           COMPTE COURANT   0000000075020Q
0430004008301333EUR2 0001018395128281125  281125DU 211125 LAPOSTE L606120 SENLI  00000000 0000000000071MS CARTE 4974XXXX
0530004    01333EUR2 0001018395128281125     LIBXXXX3608
0430004008301333EUR2 0001018395128281125  281125DU 201125 ELYSEES SOLUTIO SENLI  00000000 0000000000200}S CARTE 4974XXXX
0530004    01333EUR2 0001018395128281125     LIBXXXX3608
0430004008301333EUR2 0001018395128281125  281125DU 201125 ACTION 4256 SENLIS CA  00000000 0000000000202KRTE 4974XXXXXXXX
0530004    01333EUR2 0001018395128281125     LIB3608
0430004008301333EUR2 0001018395128281125  281125DU 291025 HRC33617ESSO2 CHAUMO0  00000000 0000000000250P33617/ CARTE 497
0530004    01333EUR2 0001018395128281125     LIB4XXXXXXXX3608
0430004008301333EUR2 0001018395128281125  281125DU 291025 INDIGO 750612 PARIS07  00000000 0000000000322}50612/ CARTE 497
0530004    01333EUR2 0001018395128281125     LIB4XXXXXXXX3608
0430004008301333EUR2 0001018395128281125  281125DU 221125 SA VILAUMAG-INT SENLI  00000000 0000000000437JS CARTE 4974XXXX
0530004    01333EUR2 0001018395128281125     LIBXXXX3608
0430004008301333EUR2 0001018395128281125  281125DU 051125 ACTION 4256 SENLIS CA  00000000 0000000000447QRTE 4974XXXXXXXX
0530004    01333EUR2 0001018395128281125     LIB3608
0430004008301333EUR2 0001018395128281125  281125DU 231125 ALADOM RECRUTEU 00 RE  00000000 0000000000780}NNES CARTE 4974X
0530004    01333EUR2 0001018395128281125     LIBXXXXXXX3608
0430004008301333EUR2 0001018395128281125  281125DU 061125 SA VILAUMAG-INT SENLI  00000000 0000000000789JS CARTE 4974XXXX
0530004    01333EUR2 0001018395128281125     LIBXXXX3608
0430004008301333EUR2 0001018395128281125  281125DU 241125 DARTY.COM BONDY CARTE  00000000 0000000006299R 4974XXXXXXXX360
0530004    01333EUR2 0001018395128281125     LIB8
0730004    01333EUR2 00010183951  281125                                                  0000000084821}
0130003    00745EUR2 00020674748  271125CAPCARRERE                       COMPTE COURANT   0000000361108{
0730003    00745EUR2 00020674748  281125                                                  0000000361108{
0130003    02944EUR2 00020077878  271125SCI DE L'ALISIER                 COMPTE COURANT   0000000009117D
0730003    02944EUR2 00020077878  281125                                                  0000000009117D
0130003    00741EUR2 00020166712  271125EMON RESTAURANT DU LAC B         COMPTE COURANT   0000000511267D
0430003073000741EUR2 00020166712302811250028112527/11 R20956 CT3948294502        00209560 0000000007300GREMISE CB /
0530003    00741EUR2 0002016671230281125     LIBBT       733 00E COM     2 93E
0430003073000741EUR2 00020166712302811250028112527/11 R20800 CT3948294501        00208000 0000000003688BREMISE CB /
0530003    00741EUR2 0002016671230281125     LIBBT       370 30E COM     1 48E
0730003    00741EUR2 00020166712  281125                                                  0000000522256C
0120041    01005EUR2 2724317620J  271125AGP RENOVATION                   COMPTE COURANT   0000009461476F
0420041425801005EUR2E2724317620J28281125  281125DEBIT CARTE BANCAIRE DIFFERE     00000001 0000000004183L
0520041    01005EUR2 2724317620J28281125     MMOEUR200000000041833
0420041851001005EUR2E2724317620JC2281125  281125VIRTRECU SCTINST                 00000001 0000000006490E
0520041    01005EUR2 2724317620JC2281125     NPYMR  MESTRE ERIC
0520041    01005EUR2 2724317620JC2281125     RCNVIREMENT DE MR MESTRE ERIC
0520041    01005EUR2 2724317620JC2281125     LCCVIREMENT DE MR MESTRE ERIC
0520041    01005EUR2 2724317620JC2281125     LIBCEPAFRPP871FR7618715001010405440731327
0520041    01005EUR2 2724317620JC2281125     NBESAS EURO DIFFUSION
0420041851001005EUR2E2724317620JC2281125  281125VIRTRECU SCTINST                 00000001 0000000015848{
0520041    01005EUR2 2724317620JC2281125     NPYSAS BEST AUTO MO
0520041    01005EUR2 2724317620JC2281125     RCNNOTPROVIDED
0520041    01005EUR2 2724317620JC2281125     LCCDevis 10 08315 premiere partie
0520041    01005EUR2 2724317620JC2281125     LIBBNPAFRPPXXXFR7630004026290001004819606
0520041    01005EUR2 2724317620JC2281125     NBESAS EURO DIFFUSION
0420041851001005EUR2E2724317620JC2281125  281125VIRTRECU SCTINST                 00000001 0000000017428C
0520041    01005EUR2 2724317620JC2281125     NPYSASU SWAP AUTO
0520041    01005EUR2 2724317620JC2281125     RCNVIREMENT VERS EURO DIFUSION
0520041    01005EUR2 2724317620JC2281125     LCCVIREMENT INSTANTANE
0520041    01005EUR2 2724317620JC2281125     LIBCEPAFRPP627FR7616275208000800086110427
0520041    01005EUR2 2724317620JC2281125     NBEEURO DIFUSION
0720041    01005EUR2 2724317620J  281125                                                  0000009497060A0000000000000{
0130004    01485EUR2 00010107199  271125EGV HOLDING                      COMPTE COURANT   0000000335107H
0730004    01485EUR2 00010107199  281125                                                  0000000335107H
0130003    02944EUR2 00020031538  27112501TE012782                 TE                     0000000188462F
0730003    02944EUR2 00020031538  281125                                                  0000000188462F
0130003    00718EUR2 00020520298  271125DOCTEUR AUDREY MARQUET           COMPTE COURANT   0000000036637O
0730003    00718EUR2 00020520298  281125                                                  0000000036637O
0130004    01333EUR2 00010248122  271125MLLE PODEVIN PASCALE             LA CORVETTE      0000000052495G
0730004    01333EUR2 00010248122  281125                                                  0000000052495G
0130003    02946EUR2 00020012279  271125THOMAS FRUCHART FLEURISTE        COMPTE COURANT   0000000165408G
0730003    02946EUR2 00020012279  281125                                                  0000000165408G
0130004    01333EUR2 00010244202  271125BC2L IMMOBILIER                  COMPTE COURANT   0000000029823D
0430004081301333EUR2 00010244202B1281125  281125PRLV SEPA/EDF CLIENTS PARTICULI         0 0000000001141MFR47EDF001007
0530004    01333EUR2 00010244202B1281125     NBEEDF CLIENTS PARTICULIERS
0530004    01333EUR2 00010244202B1281125     IBEFR47EDF001007
0530004    01333EUR2 00010244202B1281125     LCCCAMPIOLI ROMAIN NUMERO DE CLIENT   5026104960 - NUMERO DE COMPTE   402
0530004    01333EUR2 00010244202B1281125     LC26469694
0530004    01333EUR2 00010244202B1281125     RCNZ024352156591 11403 1 SIMM 114
0530004    01333EUR2 00010244202B1281125     RUMMM9750261049600003                 RCUR
0730004    01333EUR2 00010244202  281125                                                  0000000028682{
0130004    01333EUR2 00010253640  271125GV LOGEMENT                      COMPTE COURANT   0000001357818A
0430004008301333EUR2 0001025364028281125  281125DU 091125 HPI INSTANT INK CARTE  00000000 0000000000027Q 4974XXXXXXXX130
0530004    01333EUR2 0001025364028281125     LIB0 FRA 2 78EUR
0430004056801333EUR2 0001025364018281125  281125C.P.A.M. LE MANS                 0000000  0000000000210{0000006010027363
0530004    01333EUR2 0001025364018281125     NPYC.P.A.M. LE MANS
0530004    01333EUR2 0001025364018281125     IPY0                                  BICORBEI
0530004    01333EUR2 0001025364018281125     LCC0000006010027363306950251127
0530004    01333EUR2 0001025364018281125     RCN0000006010027363306950251127
0530004    01333EUR2 0001025364018281125     PDOFR FRANCE
0430004056801333EUR2 0001025364018281125  281125CPAM R.E.D.76                    0000000  0000000000220E0000006010027363
0530004    01333EUR2 0001025364018281125     NPYCPAM R.E.D.76
0530004    01333EUR2 0001025364018281125     IPY0                                  BICORBEI
0530004    01333EUR2 0001025364018281125     LCC0000006010027363304402251127
0530004    01333EUR2 0001025364018281125     RCN0000006010027363304402251127
0530004    01333EUR2 0001025364018281125     PDOFR FRANCE
0430004056801333EUR2 0001025364018281125  281125CPAM EURE CDC                    0000000  0000000000220E0000006010027363
0530004    01333EUR2 0001025364018281125     NPYCPAM EURE CDC
0530004    01333EUR2 0001025364018281125     IPY0                                  BICORBEI
0530004    01333EUR2 0001025364018281125     LCC0000006010027363300700251127
0530004    01333EUR2 0001025364018281125     RCN0000006010027363300700251127
0530004    01333EUR2 0001025364018281125     PDOFR FRANCE
0430004008301333EUR2 0001025364028281125  281125DU 141125 L AVENUE CHANTILLY CA  00000000 0000000000235}RTE 4974XXXXXXXX
0530004    01333EUR2 0001025364028281125     LIB1300
0430004008301333EUR2 0001025364028281125  281125DU 171125 NORMAL BEAUVAIS CARTE  00000000 0000000000276} 4974XXXXXXXX130
0530004    01333EUR2 0001025364028281125     LIB0 FRA 27 60EUR
0430004008301333EUR2 0001025364028281125  281125DU 171125 GRAND FRAIS ALLONNE C  00000000 0000000000451MARTE 4974XXXXXXX
0530004    01333EUR2 0001025364028281125     LIBX1300
0430004008301333EUR2 0001025364028281125  281125DU 271125 AU BUREAU ST MAXIMIN   00000000 0000000000457}CARTE 4974XXXXXX
0530004    01333EUR2 0001025364028281125     LIBXX1300
0430004056801333EUR2 0001025364018281125  281125MGEN                             0000000  0000000000729F0000006010027363
0530004    01333EUR2 0001025364018281125     NPYMGEN
0530004    01333EUR2 0001025364018281125     IPY0                                  BICORBEI
0530004    01333EUR2 0001025364018281125     LCC0000006010027363256511251124
0530004    01333EUR2 0001025364018281125     RCN0000006010027363256511251124
0530004    01333EUR2 0001025364018281125     PDOFR FRANCE
0430004008301333EUR2 0001025364028281125  281125DU 201125 CERTAS ESSOF203 BEAUV  00000000 0000000000757JAIS CARTE 4974XX
0530004    01333EUR2 0001025364028281125     LIBXXXXXX1300
0430004051201333EUR2 0001025364021281125  281125VR.PERMANENT SALAIRE SAMBET CAM  00000000 0000000009080MILLE
0430004081301333EUR2 00010253640B1281125  281125PRLV SEPA/CLINIQUE DU PARC ST L         0 0000000012288OFR52ZZZ479127
0530004    01333EUR2 00010253640B1281125     NBECLINIQUE DU PARC ST LAZARE
0530004    01333EUR2 00010253640B1281125     IBEFR52ZZZ479127
0530004    01333EUR2 00010253640B1281125     LCCREDEVANCE OCT
0530004    01333EUR2 00010253640B1281125     RCN  KUNTZIGER-38645172
0530004    01333EUR2 00010253640B1281125     RUM  KUNTZIGER                        RCUR
0430004056801333EUR2 0001025364018281125  281125CPAM DE L OISE                   0000000  0000000012523F0000006010027363
0530004    01333EUR2 0001025364018281125     NPYCPAM DE L OISE
0530004    01333EUR2 0001025364018281125     IPY0                                  BICORBEI
0530004    01333EUR2 0001025364018281125     LCC0000006010027363304802251127
0530004    01333EUR2 0001025364018281125     RCN0000006010027363304802251127
0530004    01333EUR2 0001025364018281125     PDOFR FRANCE
0730004    01333EUR2 00010253640  281125                                                  0000001348149{
0130004    01333EUR2 00010030730  271125SCI CAMPUS                       COMPTE COURANT   0000000100874H
0430004009901333EUR2 0001003073030271125  2811252711 N.55986 DE 60LAMORLAYE      155986   0000000005651F   N.COM.4060620
0530004    01333EUR2 0001003073030271125     LIB2711 N.55986 DE 60LAMORLAYE N.COM.4060620016
0430004008301333EUR2 0001003073028281125  281125DU 261125 LAPOSTE G606120 SENLI  00000000 0000000000055MS CARTE 4974XXXX
0530004    01333EUR2 0001003073028281125     LIBXXXX9342
0430004008301333EUR2 0001003073028281125  281125DU 051125 LAPOSTE G603460 LAMOR  00000000 0000000000102QLAYE CARTE 4974X
0530004    01333EUR2 0001003073028281125     LIBXXXXXXX9342
0430004008301333EUR2 0001003073028281125  281125DU 111125 MONOPRIX COMPIEGNE CA  00000000 0000000000106RRTE 4974XXXXXXXX
0530004    01333EUR2 0001003073028281125     LIB9342
0430004008301333EUR2 0001003073028281125  281125DU 171125 ACTION 4256 SENLIS CA  00000000 0000000000212PRTE 4974XXXXXXXX
0530004    01333EUR2 0001003073028281125     LIB9342
0430004008301333EUR2 0001003073028281125  281125DU 201125 CERTAS ESSOF197 CHANT  00000000 0000000000820}ILLY CARTE 4974X
0530004    01333EUR2 0001003073028281125     LIBXXXXXXX9342
0430004008301333EUR2 0001003073028281125  281125DU 051125 MP*CARREFOUR DA LAMOR  00000000 0000000000840}LAYE CARTE 4974X
0530004    01333EUR2 0001003073028281125     LIBXXXXXXX9342
0430004008301333EUR2 0001003073028281125  281125DU 051125 MATHELEC SAINT MAXIMI  00000000 0000000001644MN CARTE 4974XXXX
0530004    01333EUR2 0001003073028281125     LIBXXXX9342
0430004056801333EUR2 0001003073018281125  281125SMI PREST                        0000000  0000000003371BV5695571 DU 26/1
0530004    01333EUR2 0001003073018281125     NPYSMI PREST
0530004    01333EUR2 0001003073018281125     LCCTP-20251126-VIREMENT SMI -602607384-SMI -4925-
0530004    01333EUR2 0001003073018281125     RCNV5695571 DU 26/11/2025
0530004    01333EUR2 0001003073018281125     PDOFR FRANCE
0430004056801333EUR2 0001003073018281125  281125CETIP CETIP                      0000000  0000000004400{003174-602607384
0530004    01333EUR2 0001003073018281125     NPYCETIP CETIP
0530004    01333EUR2 0001003073018281125     LCCISANTE28112025 003174
0530004    01333EUR2 0001003073018281125     RCN003174-602607384
0530004    01333EUR2 0001003073018281125     PDOFR FRANCE
0430004056801333EUR2 0001003073018281125  281125VIAMEDIS                         0000000  0000000005499DTP-20251124-VIRE
0530004    01333EUR2 0001003073018281125     NPYVIAMEDIS
0530004    01333EUR2 0001003073018281125     LCCTP-20251124-VIREMENT 8402694 -602607384-0075990010-7077-
0530004    01333EUR2 0001003073018281125     RCNTP-20251124-VIREMENT 8402694 -60
0530004    01333EUR2 0001003073018281125     PDOFR FRANCE
0730004    01333EUR2 00010030730  281125                                                  0000000116014H
0130004    01306EUR2 00010037439  271125CR OPTIQUE                       COMPTE MUTUELLE  0000000016926G
0430004008301306EUR2 0001003743928281125  281125DU 271125 MP*CARREFOUR DA VILLE  00000000 0000000000200JRS SOUS CARTE 49
0530004    01306EUR2 0001003743928281125     LIB74XXXXXXXX8561
0430004081301306EUR2 00010037439B1281125  281125PRLV SEPA/BOUYGUES TELECOM              0 0000000000617RFR35ZZZ418323
0530004    01306EUR2 00010037439B1281125     NBEBOUYGUES TELECOM
0530004    01306EUR2 00010037439B1281125     IBEFR35ZZZ418323
0530004    01306EUR2 00010037439B1281125     LCC06XXXXX861
0530004    01306EUR2 00010037439B1281125     RCNPAGP0110DH72WR
0530004    01306EUR2 00010037439B1281125     RUMBT1150VY7XX95                      RCUR
0730004    01306EUR2 00010037439  281125                                                  0000000016108G
0130004    00074EUR2 00010298404  271125SARL PROXI SHOP                  COMPTE COURANT   0000000056728E
0430004051600074EUR2 00010298404C1271125  271125RESTE MON SALAIRE                00000000 0000000005000}NOTPROVIDED
0530004    00074EUR2 00010298404C1271125     LCCRESTE MON SALAIRE
0530004    00074EUR2 00010298404C1271125     NBEDJOUDI FAICAL
0530004    00074EUR2 00010298404C1271125     REFC6833822A2CD40E0BB057D36D4325BD0
0530004    00074EUR2 00010298404C1271125     RCNNOTPROVIDED
0430004009900074EUR2 0001029840430271125  2811252711 N.46462 DE 60CREIL          246462   0000000000394E   N.COM.4039138
0530004    00074EUR2 0001029840430271125     LIB2711 N.46462 DE 60CREIL N.COM.4039138012
0430004009900074EUR2 0001029840430271125  2811252711 N.46476 DE 60CREIL          246476   0000000004124G   N.COM.4039139
0530004    00074EUR2 0001029840430271125     LIB2711 N.46476 DE 60CREIL N.COM.4039139016
0430004085700074EUR2 00010298404A328112580271125MOULIN DES OSMEAUX MDT/4112088            0000000009606FDU/281125
0530004    00074EUR2 00010298404A3281125     NBEMOULIN DES OSMEAUX
0530004    00074EUR2 00010298404A3281125     RUM4112088
0530004    00074EUR2 00010298404A3281125     RCNIMP-773619 FS
0530004    00074EUR2 00010298404A3281125     LCCIMP-773619 FS
0730004    00074EUR2 00010298404  281125                                                  0000000065854C
0130004    01485EUR2 00010155102  271125L.I.V.IMMO                       COMPTE COURANT   0000000091059{
0430004009901485EUR2 0001015510230271125  2811252711 N.11001 DE 60CHANTILLY      111001   0000000010620G   N.COM.4887015
0530004    01485EUR2 0001015510230271125     LIB2711 N.11001 DE 60CHANTILLY N.COM.4887015016
0430004008301485EUR2 0001015510228281125  281125DU 091125 GOOGLE ONE CARTE 4974  00000000 0000000000004RXXXXXXXX1134 IRL
0530004    01485EUR2 0001015510228281125     LIB 0 49EUR
0430004008301485EUR2 0001015510228281125  281125DU 071125 CARREFOUR MARK CHANTI  00000000 0000000000010}LLY CARTE 4974XX
0530004    01485EUR2 0001015510228281125     LIBXXXXXX1134
0430004008301485EUR2 0001015510228281125  281125DU 301025 CARREFOUR MARK CHANTI  00000000 0000000000050}LLY CARTE 4974XX
0530004    01485EUR2 0001015510228281125     LIBXXXXXX1134
0430004008301485EUR2 0001015510228281125  281125DU 191125 ANGE ST MAXIMIN SAINT  00000000 0000000000089} MAXIMIN CARTE 4
0530004    01485EUR2 0001015510228281125     LIB974XXXXXXXX1134
0430004008301485EUR2 0001015510228281125  281125DU 051125 ANGE ST MAXIMIN SAINT  00000000 0000000000095} MAXIMIN CARTE 4
0530004    01485EUR2 0001015510228281125     LIB974XXXXXXXX1134
0430004008301485EUR2 0001015510228281125  281125DU 271125 CARREFOUR HYPER ST MA  00000000 0000000000095}XIMIN CARTE 4974
0530004    01485EUR2 0001015510228281125     LIBXXXXXXXX1134
0430004008301485EUR2 0001015510228281125  281125DU 011125 LUSITALIA CHANTILLY C  00000000 0000000000111}ARTE 4974XXXXXXX
0530004    01485EUR2 0001015510228281125     LIBX1134
0430004008301485EUR2 0001015510228281125  281125DU 011125 CANVA* I04687-3 19934  00000000 0000000000120} CAMDEN CARTE 49
0530004    01485EUR2 0001015510228281125     LIB74XXXXXXXX1134
0430004008301485EUR2 0001015510228281125  281125DU 211125 CARREFOUR MARK CHANTI  00000000 0000000000163LLLY CARTE 4974XX
0530004    01485EUR2 0001015510228281125     LIBXXXXXX1134
0430004008301485EUR2 0001015510228281125  281125DU 241125 SMYTHS TOYS FR SAINT   00000000 0000000000164OMAXIMIN CARTE 49
0530004    01485EUR2 0001015510228281125     LIB74XXXXXXXX1134
0430004081301485EUR2 00010155102B1281125  281125PRLV SEPA/SFR                           0 0000000000164RFR44ZZZ332801
0530004    01485EUR2 00010155102B1281125     NBESFR
0530004    01485EUR2 00010155102B1281125     IBEFR44ZZZ332801
0530004    01485EUR2 00010155102B1281125     LCCSFR PRLVT SEPA 99-NL5U08-01 003833899876
0530004    01485EUR2 00010155102B1281125     RCN003833899876 99-NL5U08-01
0530004    01485EUR2 00010155102B1281125     RUMGP202308110221789116               RCUR
0430004008301485EUR2 0001015510228281125  281125DU 011125 OISHI SUSHI CHANTILLY  00000000 0000000000169} CARTE 4974XXXXX
0530004    01485EUR2 0001015510228281125     LIBXXX1134
0430004008301485EUR2 0001015510228281125  281125DU 021125 MCDONALDS 524 SAINT00  00000000 0000000000174N00524/ CARTE 497
0530004    01485EUR2 0001015510228281125     LIB4XXXXXXXX1134
0430004008301485EUR2 0001015510228281125  281125DU 261125 TOP OFFICE SAINT-MAXI  00000000 0000000000217}MIN CARTE 4974XX
0530004    01485EUR2 0001015510228281125     LIBXXXXXX1134
0430004008301485EUR2 0001015510228281125  281125DU 121125 L INCROYABLE CREILCRE  00000000 0000000000219PIL / CARTE 4974X
0530004    01485EUR2 0001015510228281125     LIBXXXXXXX1134
0430004008301485EUR2 0001015510228281125  281125DU 251125 ANKORSTORE / OR 09 PA  00000000 0000000000239RRIS CARTE 4974XX
0530004    01485EUR2 0001015510228281125     LIBXXXXXX1134
0430004008301485EUR2 0001015510228281125  281125DU 171125 CARREFOUR MARK CHANTI  00000000 0000000000250MLLY CARTE 4974XX
0530004    01485EUR2 0001015510228281125     LIBXXXXXX1134
0430004008301485EUR2 0001015510228281125  281125DU 191125 L INCROYABLE CREILCRE  00000000 0000000000255OIL / CARTE 4974X
0530004    01485EUR2 0001015510228281125     LIBXXXXXXX1134
0430004008301485EUR2 0001015510228281125  281125DU 161125 E LECLERC CAUFFRY CAR  00000000 0000000000296NTE 4974XXXXXXXX1
0530004    01485EUR2 0001015510228281125     LIB134
0430004008301485EUR2 0001015510228281125  281125DU 261125 STOKOMANI SAINT MAXIM  00000000 0000000000302KIN CARTE 4974XXX
0530004    01485EUR2 0001015510228281125     LIBXXXXX1134
0430004008301485EUR2 0001015510228281125  281125DU 171125 L INCROYABLE CREILCRE  00000000 0000000000324MIL / CARTE 4974X
0530004    01485EUR2 0001015510228281125     LIBXXXXXXX1134
0430004008301485EUR2 0001015510228281125  281125DU 031125 GIFI COMPI0005009/ CA  00000000 0000000000333LRTE 4974XXXXXXXX
0530004    01485EUR2 0001015510228281125     LIB1134
0430004008301485EUR2 0001015510228281125  281125DU 201125 OISHI SUSHI CHANTILLY  00000000 0000000000338} CARTE 4974XXXXX
0530004    01485EUR2 0001015510228281125     LIBXXX1134
0430004008301485EUR2 0001015510228281125  281125DU 311025 LE CHATEAU DE L GOUVI  00000000 0000000000390}EUX CARTE 4974XX
0530004    01485EUR2 0001015510228281125     LIBXXXXXX1134
0430004008301485EUR2 0001015510228281125  281125DU 301025 PETROEST LECLER ST MA  00000000 0000000000504LRTIN SUR CARTE 4
0530004    01485EUR2 0001015510228281125     LIB974XXXXXXXX1134
0430004008301485EUR2 0001015510228281125  281125DU 031125 STOKOMANI COMPIEGNE C  00000000 0000000000522KARTE 4974XXXXXXX
0530004    01485EUR2 0001015510228281125     LIBX1134
0430004008301485EUR2 0001015510228281125  281125DU 071125 TOTAL CHANTILLY CARTE  00000000 0000000000598M 4974XXXXXXXX113
0530004    01485EUR2 0001015510228281125     LIB4
0430004008301485EUR2 0001015510228281125  281125DU 241125 TOTAL CHANTILLY CARTE  00000000 0000000000634N 4974XXXXXXXX113
0530004    01485EUR2 0001015510228281125     LIB4
0430004009901485EUR2 0001015510230281125  2811252811 N.67642 DE 60CHANTILLY      167642   0000000000637H   N.COM.4887014
0530004    01485EUR2 0001015510230281125     LIB2811 N.67642 DE 60CHANTILLY N.COM.4887014012
0430004009901485EUR2 0001015510230281125  2811252811 N.82148 DE 60CHANTILLY      182148   0000000000770C   N.COM.4887015
0530004    01485EUR2 0001015510230281125     LIB2811 N.82148 DE 60CHANTILLY N.COM.4887015016
0430004008301485EUR2 0001015510228281125  281125DU 261125 JARDINS DE SACY SACY-  00000000 0000000000825}LE-GRAND CARTE 4
0530004    01485EUR2 0001015510228281125     LIB974XXXXXXXX1134
0430004008301485EUR2 0001015510228281125  281125DU 121125 CARREFOUR HYPER ST MA  00000000 0000000001680}XIMIN CARTE 4974
0530004    01485EUR2 0001015510228281125     LIBXXXXXXXX1134
0430004056801485EUR2 0001015510218281125  281125CHANTILLY                        0000000  0000000001908{1606004301390026
0530004    01485EUR2 0001015510218281125     NPYSGC SENLIS
0530004    01485EUR2 0001015510218281125     NPOCHANTILLY
0530004    01485EUR2 0001015510218281125     LCCF.FACTURE 12117 DU 08/10/25 CREMANT POUR LE STOCK DES FETESET CEREMONI
0530004    01485EUR2 0001015510218281125     LC2ESCHANTILLY
0530004    01485EUR2 0001015510218281125     RCN1606004301390026112025-3646
0530004    01485EUR2 0001015510218281125     PDOFR FRANCE
0430004008301485EUR2 0001015510228281125  281125DU 031125 RETIF 173COMPIE COMPI  00000000 0000000002003}EGNE CARTE 4974X
0530004    01485EUR2 0001015510228281125     LIBXXXXXXX1134
0430004008301485EUR2 0001015510228281125  281125DU 191125 SUMUP *AU PETI CARTE   00000000 0000000002484}4974XXXXXXXX1134
0530004    01485EUR2 0001015510228281125     LIB FRA 248 40EUR
0430004008301485EUR2 0001015510228281125  281125DU 241125 GARAGE DUHAMEAU LIANC  00000000 0000000002490}OURT CARTE 4974X
0530004    01485EUR2 0001015510228281125     LIBXXXXXXX1134
0730004    01485EUR2 00010155102  281125                                                  0000000088676B
0130004    01485EUR2 00010169390  271125SENTEURS ET CHARME D ANTAN       COMPTE COURANT   0000000232776C
0430004009901485EUR2 0001016939030271125  2811252711 N.47786 DE 60MELLO          147786   0000000001443A   N.COM.4300970
0530004    01485EUR2 0001016939030271125     LIB2711 N.47786 DE 60MELLO N.COM.4300970014
0430004009901485EUR2 0001016939030281125  2811252811 N.68091 DE 60MELLO          268091   0000000000204C   N.COM.4300969
0530004    01485EUR2 0001016939030281125     LIB2811 N.68091 DE 60MELLO N.COM.4300969010
0430004009901485EUR2 0001016939030281125  2811252811 N.67986 DE 60MELLO          267986   0000000000458E   N.COM.4212992
0530004    01485EUR2 0001016939030281125     LIB2811 N.67986 DE 60MELLO N.COM.4212992012
0430004009901485EUR2 0001016939030281125  2811252811 N.67091 DE 60MELLO          167091   0000000000659B   N.COM.4212998
0530004    01485EUR2 0001016939030281125     LIB2811 N.67091 DE 60MELLO N.COM.4212998015
0430004008301485EUR2 0001016939028281125  281125DU 271125 METRO SAINT MAX048/ C  00000000 0000000000839LARTE 4974XXXXXXX
0530004    01485EUR2 0001016939028281125     LIBX9114
0430004009901485EUR2 0001016939030281125  2811252811 N.68072 DE 60MELLO          268072   0000000001155H   N.COM.4300970
0530004    01485EUR2 0001016939030281125     LIB2811 N.68072 DE 60MELLO N.COM.4300970014
0430004009901485EUR2 0001016939030281125  2811252811 N.59692 DE 60MELLO          259692   0000000001434B   N.COM.4212998
0530004    01485EUR2 0001016939030281125     LIB2811 N.59692 DE 60MELLO N.COM.4212998015
0430004008301485EUR2 0001016939028281125  281125DU 271125 DARTY 23 CREIL 23/ CA  00000000 0000000003799RRTE 4974XXXXXXXX
0530004    01485EUR2 0001016939028281125     LIB9114
0430004009901485EUR2 0001016939030281125  2811252811 N.68079 DE 60MELLO          268079   0000000008105H   N.COM.4212980
0530004    01485EUR2 0001016939030281125     LIB2811 N.68079 DE 60MELLO N.COM.4212980013
0430004009901485EUR2 0001016939030281125  2811252811 N.67040 DE 60MELLO          167040   0000000010603G   N.COM.4212978
0530004    01485EUR2 0001016939030281125     LIB2811 N.67040 DE 60MELLO N.COM.4212978012
0730004    01485EUR2 00010169390  281125                                                  0000000252201G
0130004    01333EUR2 00010211993  271125AP LESAGE                        COMPTE COURANT   0000000000844{
0730004    01333EUR2 00010211993  281125                                                  0000000000844{
0130004    00568EUR2 00010252543  271125SCI DU FRIEGE                    COMPTE COURANT   0000000190726A
0430004008300568EUR2 0001025254328281125  281125DU 271125 PAVEMECY LACROIX ST O  00000000 0000000000016}U CARTE 4974XXXX
0530004    00568EUR2 0001025254328281125     LIBXXXX2115
0730004    00568EUR2 00010252543  281125                                                  0000000190710A
0130056    00615EUR2 06150066951  271125EIRL DE FARIA PLOMBERIE          COMPTE COURANT   0000000006052G
0730056    00615EUR2 06150066951  281125                                                  0000000006052G
0130003    00715EUR2 00020084832  271125MR CARTON MATTHIEU               COMPTE COURANT   0000000000131{
0430003073000715EUR2 00020084832302811250028112527/11 R53899 CT3128599001        00538990 0000000024979DREMISE CB /
0530003    00715EUR2 0002008483230281125     LIBBT      2515 55E COM    17 61E
0430003073000715EUR2 00020084832302811250028112527/11 R53828 CT3128599801        00538280 0000000014554BREMISE CB /
0530003    00715EUR2 0002008483230281125     LIBBT      1465 65E COM    10 23E
0430003073000715EUR2 00020084832302811250028112528/11 R72966 CT3835753001        00729660 0000000005792DREMISE CB /
0530003    00715EUR2 0002008483230281125     LIBBT       582 71E COM     3 47E
0430003416000715EUR2 000200848327228112500271125ECHEANCE PRET N 221028102077     81020771 0000000010624L
0530003    00715EUR2 0002008483272281125     LIBCAPITAL AMORTI   1 049 63
0530003    00715EUR2 0002008483272281125     LIBINTERETS   12 80
0530003    00715EUR2 0002008483272281125     LIBCAPITAL RESTANT   14 784 09
0530003    00715EUR2 0002008483272281125     LIBDATE PREVISIONNELLE  DE FIN   27/01/2027
0430003949000715EUR2 000200848322128112500281125000001 VIR EUROPEEN EMIS   NET   55064990 0000000004373Q9532511527935
0530003    00715EUR2 0002008483221281125     NBEADA FRANCE SARL
0530003    00715EUR2 0002008483221281125     REF FACTURE 11794219
0530003    00715EUR2 0002008483221281125     LCCFACTURE 11794219
0530003    00715EUR2 0002008483221281125     BDBCOBAFRPX
0430003188000715EUR2 000200848326228112500271125FRAIS VIREMENT SEPA ELEC         00000001 0000000000002N
0530003    00715EUR2 0002008483262281125     LIBREF STP
0430003541000715EUR2 000200848323628112500281125FAC.CR28/11 R72966 CT3835753001  00729660 0000000002932}REMISE CB /
0530003    00715EUR2 0002008483236281125     LIBBT       293 20E COM     0 00E
0430003432000715EUR2 00020084832B128112500281125LA PORTE BELLEDF                 69948830 0000000019444O5606994883
0530003    00715EUR2 00020084832B1281125     NBEEDF
0530003    00715EUR2 00020084832B1281125     IBEFR47EDF001007
0530003    00715EUR2 00020084832B1281125     LCCLA PORTE BELLON          REF EDF 4753875106 RUM ++MA9500316423   2025-
0530003    00715EUR2 00020084832B1281125     LC211-28
0730003    00715EUR2 00020084832  281125                                                  0000000008079H
0130003    03871EUR2 00020147329  271125GROUPE EMON                      COMPTE COURANT   0000000394103D
0730003    03871EUR2 00020147329  281125                                                  0000000394103D
0130003    00715EUR2 00020269517  27112501TE012782                 TE                     0000000076131F
0430003949000715EUR2 000202695172128112500281125000001 VIR EUROPEEN EMIS   NET   54894660 0000000000037}9533216631682
0530003    00715EUR2 0002026951721281125     NBEMR LESUEUR OU MR LEGRAND
0530003    00715EUR2 0002026951721281125     REF 032025332166316820000000
0530003    00715EUR2 0002026951721281125     LCCAVANCE DELICES ET GOURMANDISES
0530003    00715EUR2 0002026951721281125     BDBSOGEFRPP
0730003    00715EUR2 00020269517  281125                                                  0000000076094F
0130003    03110EUR2 00020084448  271125DOCTEUR CHRISTOPHE LEFEVRE SELAR                  0000000063680I
0430003500003110EUR2 00020084448C128112500271125000001 VIR INSTANTANE EMIS NET   24584260 0000000002025R583172458426
0530003    03110EUR2 00020084448C1281125     NBEELSEHSAHAHMED                       28 11 BQ CRLY CPT 0000023193N
0530003    03110EUR2 00020084448C1281125     REF032025331164091670000000
0530003    03110EUR2 00020084448C1281125     RCN032025331164091670000001
0530003    03110EUR2 00020084448C1281125     LCCSALAIRES DE MOI SEPTEMBRE
0430003500003110EUR2 00020084448C128112500271125000001 VIR INSTANTANE EMIS NET   24510110 0000000012036K583172451011
0530003    03110EUR2 00020084448C1281125     NBEMOATAZ BLELE                        28 11 SG 03110 CPT 00050081415
0530003    03110EUR2 00020084448C1281125     REF032025331164047540000000
0530003    03110EUR2 00020084448C1281125     RCN032025331164047540000001
0530003    03110EUR2 00020084448C1281125     LCCLE MOI D OCTOBRE
0430003500003110EUR2 00020084448C128112500271125000001 VIR INSTANTANE EMIS NET   24490060 0000000015000}583172449006
0530003    03110EUR2 00020084448C1281125     NBEAHMED BELAL                         28 11 SG 03110 CPT 00050075649
0530003    03110EUR2 00020084448C1281125     REF032025331164038020000000
0530003    03110EUR2 00020084448C1281125     RCN032025331164038020000001
0530003    03110EUR2 00020084448C1281125     LCCLE MOI D OCTOBRE
0430003661003110EUR2 000200844482828112500281125CARTE X4295 27/11 SNCF VOYAGEUR  00010000 0000000000155}S
0730003    03110EUR2 00020084448  281125                                                  0000000034463H
0130003    00745EUR2 00020015158  271125SOCIETE CIVILE DU VAL DE LOIRE                    0000000000732L
0430003073000745EUR2 00020015158302811250028112528/11 R02697 CT3921276801        00026970 0000000000396HREMISE CB /
0530003    00745EUR2 0002001515830281125     LIBBT        40 00E COM     0 32E
0430003432000745EUR2 00020015158B128112500251125BELEZA       EDF                 66167480 0000000002993R5106616748
0530003    00745EUR2 00020015158B1281125     NBEEDF
0530003    00745EUR2 00020015158B1281125     IBEFR47EDF001007
0530003    00745EUR2 00020015158B1281125     LCCBELEZA                   REF EDF 9656270270 RUM MA970001068546   2025-
0530003    00745EUR2 00020015158B1281125     LC211-25
0730003    00745EUR2 00020015158  281125                                                  0000000003329M
0130003    00718EUR2 00020553851  271125AP LESAGE                        COMPTE COURANT   0000000025976H
0430003073000718EUR2 00020553851302811250028112528/11 R84658 CT3974078001        00846580 0000000020291FREMISE CB /
0530003    00718EUR2 0002055385130281125     LIBBT      2040 99E COM    11 83E
0430003073000718EUR2 00020553851302811250028112528/11 R14870 CT3974078001        00148700 0000000001124IREMISE CB /
0530003    00718EUR2 0002055385130281125     LIBBT       113 50E COM     1 01E
0430003194000718EUR2 000205538512128112500281125BLOCAGE PROVISION SUR            00000001 0000000003750}
0530003    00718EUR2 0002055385121281125     LIBSAISIE ADMINISTRATIVE A TIERS DETENTEUR
0530003    00718EUR2 0002055385121281125     LIBDE 375 00 EUROS
0530003    00718EUR2 0002055385121281125     LIBTRES.  VAL D'OISE AMENDES
0430003661000718EUR2 000205538512828112500281125CARTE X2970 27/11 E.LECLERC      00010000 0000000000538Q
0430003432000718EUR2 00020553851B128112500281125EPICURE FC035EPICURE             76083700 0000000008961P5807608370
0530003    00718EUR2 00020553851B1281125     NBEEPICURE
0530003    00718EUR2 00020553851B1281125     IBEFR48ZZZ867684
0530003    00718EUR2 00020553851B1281125     LCCEPICURE FC035688
0530003    00718EUR2 00020553851B1281125     RCNBEEFCORNER-38608967
0730003    00718EUR2 00020553851  281125                                                  0000000034142H
0130003    00712EUR2 00020519382  271125EIRL ECO BAT                     COMPTE COURANT   0000000003870G
0730003    00712EUR2 00020519382  281125                                                  0000000003870G
0130003    02944EUR2 00020024274  271125IBH                              COMPTE COURANT   0000000775543F
0430003900002944EUR2 000200242746228112500271125FRAIS VIREMENT SEPA ELEC. PGN    00000001 0000000000005}
0530003    02944EUR2 0002002427462281125     LIBREF STP
0530003    02944EUR2 0002002427462281125     LIB2 VIRT       A   0 25 EUR NT
0730003    02944EUR2 00020024274  281125                                                  0000000775538F
0130003    02944EUR2 00020034650  271125MGFH                             COMPTE COURANT   0000000248455G
0730003    02944EUR2 00020034650  281125                                                  0000000248455G
0130004    01333EUR2 00010282606  271125DECOFOR                          DECOFOR S.A.S    0000000026328I
0430004009901333EUR2 0001028260630271125  2811252711 N.21637 DE 60BARON          221637   0000000002469C   N.COM.4040164
0530004    01333EUR2 0001028260630271125     LIB2711 N.21637 DE 60BARON N.COM.4040164011
0430004009901333EUR2 0001028260630271125  2811252711 N.21095 DE 60BARON          121095   0000000004966A   N.COM.4040165
0530004    01333EUR2 0001028260630271125     LIB2711 N.21095 DE 60BARON N.COM.4040165015
0430004008301333EUR2 0001028260628281125  281125DU 051125 RETIF 173COMPIE COMPI  00000000 0000000002598JEGNE CARTE 4974X
0530004    01333EUR2 0001028260628281125     LIBXXXXXXX9903
0430004081301333EUR2 00010282606B1281125  281125PRLV SEPA/S.A.S. DOMAINE LA ROS         0 0000000025621PFR84ZZZ672939
0530004    01333EUR2 00010282606B1281125     NBES.A.S. DOMAINE LA ROSE DES
0530004    01333EUR2 00010282606B1281125     IBEFR84ZZZ672939
0530004    01333EUR2 00010282606B1281125     LCCSARL LA ROSE DES VENTS
0530004    01333EUR2 00010282606B1281125     RCNFACTURE 260050 DU 30/09/2025
0530004    01333EUR2 00010282606B1281125     RUMCHAMANT 2                          RCUR
0730004    01333EUR2 00010282606  281125                                                  0000000005544E