0130003    00715EUR2 00120084832  011225DECOFOR                          DECOFOR S.A.S    0000000001929D
0730003    00715EUR2 00120084832  021225                                                  0000000001929D
0130004    01333EUR2 00010241889  011225EKITE                            CCE EKITE        0000000019172L
0430004620101333EUR2 0001024188964021225  101225FACTURE NUMERO 2025120113173900  00000001 0000000000356Q3
0730004    01333EUR2 00010241889  021225                                                  0000000019529J
0130003    00712EUR2 00020517463  011225GHM                              COMPTE COURANT   0000000046197F
0430003201000712EUR2 000205174636202122500301125CIONS TENUE DE COMPTE            00000001 0000000000145M
0530003    00712EUR2 0002051746362021225     LIBAU 30/11/25
0530003    00712EUR2 0002051746362021225     LIB-CION MOUVEMENT EUR       14 54
0530003    00712EUR2 0002051746362021225     LIBAU DELA DU SEUIL JAZZ PRO
0430003063000712EUR2 000205174636102122500301125INT DEBITEURS ET CION DECOUVERT  00000001 0000000000126M
0530003    00712EUR2 0002051746361021225     LIBAU 30/11/25
0530003    00712EUR2 0002051746361021225     LIB-INT DEBITEURS  EUR        6 32
0530003    00712EUR2 0002051746361021225     LIB-CION DECOUVERT EUR        6 32
0530003    00712EUR2 0002051746361021225     LIBTAUX CONVENTIONNEL A LA DATE
0730003    00712EUR2 00020517463  021225                                                  0000000045925H
0130004    01333EUR2 00010183951  011225DOCTEUR AUDREY MARQUET           COMPTE COURANT   0000000099956M
0430004056801333EUR2 0001018395118021225  021225/REFBEN /ORIG MME NICOLE LAFARG  0000000  0000000000841F
0530004    01333EUR2 0001018395118021225     NPYMME NICOLE LAFARGE
0530004    01333EUR2 0001018395118021225     LCCPAIEMENT FACTURE 2025 00099
0530004    01333EUR2 0001018395118021225     RCNZZ1JI9VUXLL6GQLZ2
0530004    01333EUR2 0001018395118021225     PDOFR FRANCE
0430004056801333EUR2 0001018395118021225  021225/REFBEN /ORIG MME NICOLE LAFARG  0000000  0000000000847H
0530004    01333EUR2 0001018395118021225     NPYMME NICOLE LAFARGE
0530004    01333EUR2 0001018395118021225     LCCPAIEMENT FACTURE 2025 00128 JUIN
0530004    01333EUR2 0001018395118021225     RCNZZ1JI9WAZJ13M0LAK
0530004    01333EUR2 0001018395118021225     PDOFR FRANCE
0430004056801333EUR2 0001018395118021225  021225/REFBEN /ORIG MME NICOLE LAFARG  0000000  0000000001047C
0530004    01333EUR2 0001018395118021225     NPYMME NICOLE LAFARGE
0530004    01333EUR2 0001018395118021225     LCCPAIEMENT FACTURE 2025 00156 JUILLET
0530004    01333EUR2 0001018395118021225     RCNZZ1JI9W4CTVBRA3L6
0530004    01333EUR2 0001018395118021225     PDOFR FRANCE
0430004620101333EUR2 0001018395164021225  101225FACTURE NUMERO 2025120113173892  00000001 0000000001334J1
0730004    01333EUR2 00010183951  021225                                                  0000000098553Q
0130003    00745EUR2 00020674748  011225CAPCARRERE                       COMPTE COURANT   0000000361108{
0730003    00745EUR2 00020674748  021225                                                  0000000361108{
0130003    02944EUR2 00020077878  011225SCI DE L'ALISIER                 COMPTE COURANT   0000000009117D
0430003500002944EUR2 00020077878C102122500021225000001 VIR INSTANTANE EMIS NET   83471530 0000000003990}583678347153
0530003    02944EUR2 00020077878C1021225     NBEMAISONS MOTA SARL                   02 12 SG 02944 CPT 00020024724
0530003    02944EUR2 00020077878C1021225     REF032025336204407790000000
0530003    02944EUR2 00020077878C1021225     RCNREMBOURSEMENT ACHAT ELECTRODEPOT
0530003    02944EUR2 00020077878C1021225     LCCREMBOURSEMENT ACHAT ELECTRODEPOT
0430003500002944EUR2 00020077878C102122500021225000001 VIR INSTANTANE EMIS NET   83592940 0000000005127M583678359294
0530003    02944EUR2 00020077878C1021225     NBEIM'MOTA                             02 12 BQ CEPA CPT 08000799365
0530003    02944EUR2 00020077878C1021225     REF032025336204530180000000
0530003    02944EUR2 00020077878C1021225     RCN032025336204530180000001
0530003    02944EUR2 00020077878C1021225     BDBCEPAFRPP627
0730003    02944EUR2 00020077878  021225                                                  0000000000000{
0130003    00741EUR2 00020166712  011225EMON RESTAURANT DU LAC B         COMPTE COURANT   0000000403322D
0430003109000741EUR2 000201667120402122500021225VRST GAB 02/12/25 08H47 006098   00000000 0000000005500{BDJ SERVICES
0530003    00741EUR2 0002016671204021225     AB2LAMORLAYE            00915351
0530003    00741EUR2 0002016671204021225     AB3BDJ SERVICES
0530003    00741EUR2 0002016671204021225     AB4CARTE XXXXXX978395657X
0430003073000741EUR2 00020166712300212250002122501/12 R33028 CT3948294502        00330280 0000000010174CREMISE CB /
0530003    00741EUR2 0002016671230021225     LIBBT      1023 40E COM     5 97E
0430003073000741EUR2 00020166712300212250002122501/12 R32928 CT3948294501        00329280 0000000002795HREMISE CB /
0530003    00741EUR2 0002016671230021225     LIBBT       280 70E COM     1 12E
0430003219000741EUR2 000201667121802122500021225799          GREVIN ET COMPAGNI  00000000 0000000001900{6296657629S
0530003    00741EUR2 0002016671218021225     NPYGREVIN ET COMPAGNIE
0530003    00741EUR2 0002016671218021225     LCC799
0530003    00741EUR2 0002016671218021225     RCN65635
0430003201000741EUR2 000201667126202122500301125CIONS TENUE DE COMPTE            00000001 0000000000067P
0530003    00741EUR2 0002016671262021225     LIBAU 30/11/25
0530003    00741EUR2 0002016671262021225     LIB-CION MOUVEMENT EUR        6 77
0530003    00741EUR2 0002016671262021225     LIBAU DELA DU SEUIL JAZZ PRO
0730003    00741EUR2 00020166712  021225                                                  0000000423624H
0130004    01485EUR2 00010107199  011225EGV HOLDING                      COMPTE COURANT   0000000300949G
0430004001201485EUR2 0001010719962011225  021225SUR REMISE C.B. DU 0112 N.30414  00000001 0000000000036M N.COM.473663901
0530004    01485EUR2 0001010719962011225     LIB5
0430004001201485EUR2 0001010719962011225  021225SUR REMISE C.B. DU 0112 N.30467  00000001 0000000000065J N.COM.473663801
0530004    01485EUR2 0001010719962011225     LIB1
0430004009901485EUR2 0001010719930011225  0212250112 N.30414 DE 60CHANTILLY      130414   0000000006419E   N.COM.4736639
0530004    01485EUR2 0001010719930011225     LIB0112 N.30414 DE 60CHANTILLY N.COM.4736639015
0430004009901485EUR2 0001010719930011225  0212250112 N.30467 DE 60CHANTILLY      130467   0000000009235{   N.COM.4736638
0530004    01485EUR2 0001010719930011225     LIB0112 N.30467 DE 60CHANTILLY N.COM.4736638011
0430004620101485EUR2 0001010719964021225  101225FACTURE NUMERO 2025120113176482  00000001 0000000000940}8
0730004    01485EUR2 00010107199  021225                                                  0000000315562G
0130003    02944EUR2 00020031538  01122501TE012782                 TE                     0000000182701A
0430003949002944EUR2 000200315381802122500021225VIR RECU     SARL MAISON MOTA    83699850 0000000100000{3620823971
0530003    02944EUR2 0002003153818021225     NPYSARL MAISON MOTA
0430003949002944EUR2 000200315382102122500021225000001 VIR EUROPEEN EMIS   NET   83704160 0000000012000}9533620828118
0530003    02944EUR2 0002003153821021225     NBEIM MOTA
0530003    02944EUR2 0002003153821021225     REF LOYER LOCAUX AGNETZ
0530003    02944EUR2 0002003153821021225     LCCLOYER LOCAUX AGNETZ
0530003    02944EUR2 0002003153821021225     BDBCEPAFRPP627
0430003949002944EUR2 000200315382102122500021225000005 VIR EUROPEEN EMIS   NET   83216160 0000000102906M9533620787109
0530003    02944EUR2 0002003153821021225     REF SALAIRES NOVEMBRE 2025
0530003    02944EUR2 0002003153821021225     LEM                                   032025336207871090000000 005 VI
0730003    02944EUR2 00020031538  021225                                                  0000000167794G
0130003    00718EUR2 00020520298  011225DOCTEUR AUDREY MARQUET           COMPTE COURANT   0000000036637O
0430003219000718EUR2 000205202981802122500021225REMB. DGFIP -SIE COMPIEGNE       00000000 0000000020000{6298937074S
0530003    00718EUR2 0002052029818021225     NPYSIE COMPIEGNE
0530003    00718EUR2 0002052029818021225     LCCREMB. DGFIP - 799162961
0530003    00718EUR2 0002052029818021225     RCN120600640GAE885-2025
0430003108000718EUR2 000205202980702122500301125RELEVE LCR DOMICIL NO 03331488   33314880 0000000017330KAU 01/12
0430003500000718EUR2 00020520298C102122500021225000001 VIR INSTANTANE EMIS NET   86497160 0000000015000}583678649716
0530003    00718EUR2 00020520298C1021225     NBEM. ANTHONY PASTOOR                  02 12 SG 00718 CPT 00050512460
0530003    00718EUR2 00020520298C1021225     REF032025336206733750000000
0530003    00718EUR2 00020520298C1021225     RCN032025336206733750000001
0530003    00718EUR2 00020520298C1021225     BDBSOGEFRPP
0430003063000718EUR2 000205202986102122500301125INT DEBITEURS ET CION DECOUVERT  00000001 0000000000469}
0530003    00718EUR2 0002052029861021225     LIBAU 30/11/25
0530003    00718EUR2 0002052029861021225     LIB-INT DEBITEURS  EUR       41 49
0530003    00718EUR2 0002052029861021225     LIB-CION DECOUVERT EUR        5 41
0530003    00718EUR2 0002052029861021225     LIBTAUX CONVENTIONNEL A LA DATE
0730003    00718EUR2 00020520298  021225                                                  0000000049436Q
0130004    01333EUR2 00010248122  011225MLLE PODEVIN PASCALE             LA CORVETTE      0000000052495G
0730004    01333EUR2 00010248122  021225                                                  0000000052495G
0130003    02946EUR2 00020012279  011225THOMAS FRUCHART FLEURISTE        COMPTE COURANT   0000000000500{
0430003900002946EUR2 000200122796202122500011225FRAIS VIREMENT SEPA ELEC. PGN    00000001 0000000000002N
0530003    02946EUR2 0002001227962021225     LIBREF STP
0730003    02946EUR2 00020012279  021225                                                  0000000000497E
0130004    01333EUR2 00010244202  011225BC2L IMMOBILIER                  COMPTE COURANT   0000000028682{
0730004    01333EUR2 00010244202  021225                                                  0000000028682{
0130004    01333EUR2 00010253640  011225GV LOGEMENT                      COMPTE COURANT   0000001385288E
0430004009901333EUR2 0001025364030011225  0212250112 N.19641 DE 60BEAUVAIS       219641   0000000002662A   N.COM.4998648
0530004    01333EUR2 0001025364030011225     LIB0112 N.19641 DE 60BEAUVAIS N.COM.4998648015
0430004056801333EUR2 0001025364018021225  021225DOCTOLIB                         0000000  0000000000360{
0530004    01333EUR2 0001025364018021225     NPYDOCTOLIB
0530004    01333EUR2 0001025364018021225     LCCEXT BAL SWEEP SWPE42WVF22322235NHZTSHFZH2PGF
0530004    01333EUR2 0001025364018021225     RCNNOTPROVIDED
0530004    01333EUR2 0001025364018021225     PDONL PAYS-BAS
0430004620101333EUR2 0001025364064021225  101225FACTURE NUMERO 2025120113173900  00000001 0000000000370}5
0730004    01333EUR2 00010253640  021225                                                  0000001387940F
0130004    01333EUR2 00010030730  011225SCI CAMPUS                       COMPTE COURANT   0000000119027D
0430004000101333EUR2 0001003073001021225  011225CHEQUE N.2671072                 26710720 0000000010000}
0430004081301333EUR2 00010030730B1021225  021225PRLV SEPA/EPS                           0 0000000000490QFR13ZZZ262161
0530004    01333EUR2 00010030730B1021225     NBEEPS
0530004    01333EUR2 00010030730B1021225     IBEFR13ZZZ262161
0530004    01333EUR2 00010030730B1021225     LCCEPS REF. 2245585 FACTURE ECHEANCE 112025 NO S95380159
0530004    01333EUR2 00010030730B1021225     RCN01959-000051797
0530004    01333EUR2 00010030730B1021225     RUM01533570001                        RCUR
0430004056801333EUR2 0001003073018021225  021225CETIP CETIP                      0000000  0000000001850{003175-602607384
0530004    01333EUR2 0001003073018021225     NPYCETIP CETIP
0530004    01333EUR2 0001003073018021225     LCCISANTE02122025 003175
0530004    01333EUR2 0001003073018021225     RCN003175-602607384
0530004    01333EUR2 0001003073018021225     PDOFR FRANCE
0430004056801333EUR2 0001003073018021225  021225ALMERYS                          0000000  0000000002389D7P20T87ANRK4
0530004    01333EUR2 0001003073018021225     NPYALMERYS
0530004    01333EUR2 0001003073018021225     LCCTP-20251129-ALMERYS TP -602607384-0098532001-7077-
0530004    01333EUR2 0001003073018021225     RCN7P20T87ANRK4
0530004    01333EUR2 0001003073018021225     PDOFR FRANCE
0430004620101333EUR2 0001003073064021225  101225FACTURE NUMERO 2025120113173883  00000001 0000000000471R9
0730004    01333EUR2 00010030730  021225                                                  0000000112304A
0130004    01306EUR2 00010037439  011225CR OPTIQUE                       COMPTE MUTUELLE  0000000016108G
0430004008301306EUR2 0001003743928021225  021225DU 011225 INTERMARCHE CAUFFRY C  00000000 0000000000500JARTE 4974XXXXXXX
0530004    01306EUR2 0001003743928021225     LIBX8561
0430004620101306EUR2 0001003743964021225  101225FACTURE NUMERO 2025120113172675  00000001 0000000000586Q5
0730004    01306EUR2 00010037439  021225                                                  0000000015021H
0130004    00074EUR2 00010298404  011225SARL PROXI SHOP                  COMPTE COURANT   0000000077116D
0430004009900074EUR2 0001029840430011225  0212250112 N.22691 DE 60CREIL          122691   0000000000193{   N.COM.4039138
0530004    00074EUR2 0001029840430011225     LIB0112 N.22691 DE 60CREIL N.COM.4039138012
0430004009900074EUR2 0001029840430011225  0212250112 N.26964 DE 60CREIL          226964   0000000003576C   N.COM.4039139
0530004    00074EUR2 0001029840430011225     LIB0112 N.26964 DE 60CREIL N.COM.4039139016
0430004085700074EUR2 00010298404A302122580011225NATIOCREDIMURS MDT/SIEN18001426           0000000004776DDU/021225
0530004    00074EUR2 00010298404A3021225     NBENATIOCREDIMURS
0530004    00074EUR2 00010298404A3021225     RUMSIEN1800142675
0530004    00074EUR2 00010298404A3021225     RCN.1A1Q84247001011225EPU67Y51862
0530004    00074EUR2 00010298404A3021225     LCCNATIOCREDIMURS /A1Q84247/.1A1Q84247001011225EPU67Y51862 /SIEN180014267
0530004    00074EUR2 00010298404A3021225     LC25 /FLLPX274764
0430004008300074EUR2 0001029840428021225  021225DU 301125 SC-DPS VLG VILLENEUVE  00000000 0000000001281Q LA CARTE 4974XX
0530004    00074EUR2 0001029840428021225     LIBXXXXXX5817
0430004620100074EUR2 0001029840464021225  101225FACTURE NUMERO 2025120113131117  00000001 0000000001278}7
0730004    00074EUR2 00010298404  021225                                                  0000000083102C
0130004    01485EUR2 00010155102  011225L.I.V.IMMO                       COMPTE COURANT   0000000059208A
0430004620101485EUR2 0001015510264021225  101225FACTURE NUMERO 2025120113176489  00000001 0000000000365}0
0730004    01485EUR2 00010155102  021225                                                  0000000058843A
0130004    01485EUR2 00010169390  011225SENTEURS ET CHARME D ANTAN       COMPTE COURANT   0000000074667I
0430004081301485EUR2 00010169390B1021225  021225PRLV SEPA/AQCF (EURL)                   0 0000000000468}FR06ZZZ566382
0530004    01485EUR2 00010169390B1021225     NBEAQCF (EURL)
0530004    01485EUR2 00010169390B1021225     IBEFR06ZZZ566382
0530004    01485EUR2 00010169390B1021225     RCNFA125881
0530004    01485EUR2 00010169390B1021225     RUM4365                               RCUR
0430004008301485EUR2 0001016939028021225  021225DU 011225 DUBLIN DUTY FRE CARTE  00000000 0000000002070N 4974XXXXXXXX911
0530004    01485EUR2 0001016939028021225     LIB4 IRL 207 05EUR
0430004620101485EUR2 0001016939064021225  101225FACTURE NUMERO 2025120113176490  00000001 0000000000418M7
0730004    01485EUR2 00010169390  021225                                                  0000000071711{
0130004    01333EUR2 00010211993  011225AP LESAGE                        COMPTE COURANT   0000000000844{
0730004    01333EUR2 00010211993  021225                                                  0000000000844{
0130004    00568EUR2 00010252543  011225SCI DU FRIEGE                    COMPTE COURANT   0000000178515F
0430004620100568EUR2 0001025254364021225  101225FACTURE NUMERO 2025120113148389  00000001 0000000000399}9
0730004    00568EUR2 00010252543  021225                                                  0000000178116F
0130056    00615EUR2 06150066951  011225EIRL DE FARIA PLOMBERIE          COMPTE COURANT   0000000006052G
0730056    00615EUR2 06150066951  021225                                                  0000000006052G
0130003    00715EUR2 00020084832  011225MR CARTON MATTHIEU               COMPTE COURANT   0000000011458G
0430003073000715EUR2 00020084832300212250002122501/12 R50411 CT3128599001        00504110 0000000009364{REMISE CB /
0530003    00715EUR2 0002008483230021225     LIBBT       943 00E COM     6 60E
0430003073000715EUR2 00020084832300212250002122501/12 R50329 CT3128599801        00503290 0000000007417GREMISE CB /
0530003    00715EUR2 0002008483230021225     LIBBT       747 00E COM     5 23E
0430003188000715EUR2 000200848326202122500011225ABONNEMENT MATERIEL              00000001 0000000000405}
0530003    00715EUR2 0002008483262021225     LIBLOYER TPE MONETIA N O GPRS
0530003    00715EUR2 0002008483262021225     LIBR SEAU MOBILE MONETIA
0530003    00715EUR2 0002008483262021225     LIBTVA A 20 00   6 75 EUR
0530003    00715EUR2 0002008483262021225     LIBMONTANT HT   33 75 EUR
0430003432000715EUR2 00020084832B102122500021225PRELEVEMENT EAQCF (EURL)         41622340 0000000002147M6214162234
0530003    00715EUR2 00020084832B1021225     NBEAQCF (EURL)
0530003    00715EUR2 00020084832B1021225     IBEFR06ZZZ566382
0530003    00715EUR2 00020084832B1021225     RCNFA126964
0530003    00715EUR2 00020084832B1021225     RUM770
0730003    00715EUR2 00020084832  021225                                                  0000000025688{
0130003    03871EUR2 00020147329  011225GROUPE EMON                      COMPTE COURANT   0000000441933H
0730003    03871EUR2 00020147329  021225                                                  0000000441933H
0130003    00715EUR2 00020269517  01122501TE012782                 TE                     0000000064826F
0430003501000715EUR2 00020269517C202122500021225NUMERO RESERVMLE COUTURAUD SAND  87003980 0000000000160{583678700398
0530003    00715EUR2 00020269517C2021225     NPYMLE COUTURAUD SANDRINE
0530003    00715EUR2 00020269517C2021225     LCCNUMERO RESERVATION   8925
0430003073000715EUR2 00020269517300212250002122502/12 R63005 CT3867115001        00630050 0000000000985{REMISE CB /
0530003    00715EUR2 0002026951730021225     LIBBT        99 00E COM     0 50E
0430003284000715EUR2 000202695171802122500021225NO.AG60AZ2CHCBOOKING.COM B.V.    00000000 0000000000845F6382984078S
0530003    00715EUR2 0002026951718021225     NPYBOOKING.COM B.V.
0530003    00715EUR2 0002026951718021225     LCCNO.AG60AZ2CHCKJLOPP/ID.13565209
0530003    00715EUR2 0002026951718021225     RCN2074741766
0530003    00715EUR2 0002026951718021225     PDONL PAYS BAS
0430003949000715EUR2 000202695172102122500021225000001 VIR EUROPEEN EMIS   NET   67670650 0000000001000}9533620302204
0530003    00715EUR2 0002026951721021225     NBEINBONA
0530003    00715EUR2 0002026951721021225     REF OCTOBRE
0530003    00715EUR2 0002026951721021225     LCCLOCATION RUE DE BEAUVAIS
0530003    00715EUR2 0002026951721021225     BDBPSSTFRPPPAR
0430003949000715EUR2 000202695172102122500021225000001 VIR EUROPEEN EMIS   NET   67669820 0000000006500}9533620300552
0530003    00715EUR2 0002026951721021225     NBEINBONA
0530003    00715EUR2 0002026951721021225     REF 032025336203005520000000
0530003    00715EUR2 0002026951721021225     LCCLOCATIONS RUE DE BEAUVAIS
0530003    00715EUR2 0002026951721021225     BDBPSSTFRPPPAR
0730003    00715EUR2 00020269517  021225                                                  0000000059317B
0130003    03110EUR2 00020084448  011225DOCTEUR CHRISTOPHE LEFEVRE SELAR                  0000000019463H
0430003201003110EUR2 000200844486202122500301125CIONS TENUE DE COMPTE            00000001 0000000000326Q
0530003    03110EUR2 0002008444862021225     LIBAU 30/11/25
0530003    03110EUR2 0002008444862021225     LIB-CION MOUVEMENT EUR       32 68
0530003    03110EUR2 0002008444862021225     LIBAU DELA DU SEUIL JAZZ PRO
0430003661003110EUR2 000200844482802122500021225CARTE X2266 01/12 RATP           00010000 0000000000888}
0730003    03110EUR2 00020084448  021225                                                  0000000018249{
0130003    00745EUR2 00020015158  011225SOCIETE CIVILE DU VAL DE LOIRE                    0000000000021D
0430003073000745EUR2 00020015158300212250002122502/12 R92727 CT3921276801        00927270 0000000000248{REMISE CB /
0530003    00745EUR2 0002001515830021225     LIBBT        25 00E COM     0 20E
0430003188000745EUR2 000200151586202122500011225ABONNEMENT MATERIEL              00000001 0000000000364O
0530003    00745EUR2 0002001515862021225     LIBLOYER TPE PORTABLE GPRS
0530003    00745EUR2 0002001515862021225     LIBR SEAU MOBILE MONETIA
0530003    00745EUR2 0002001515862021225     LIBTVA A 20 00   6 08 EUR
0530003    00745EUR2 0002001515862021225     LIBMONTANT HT   30 38 EUR
0430003063000745EUR2 000200151586102122500301125INT DEBITEURS ET CION DECOUVERT  00000001 0000000000020O
0530003    00745EUR2 0002001515861021225     LIBAU 30/11/25
0530003    00745EUR2 0002001515861021225     LIB-INT DEBITEURS  EUR        1 50
0530003    00745EUR2 0002001515861021225     LIB-CION DECOUVERT EUR        0 56
0530003    00745EUR2 0002001515861021225     LIBTAUX CONVENTIONNEL A LA DATE
0730003    00745EUR2 00020015158  021225                                                  0000000000115Q
0130003    00718EUR2 00020553851  011225AP LESAGE                        COMPTE COURANT   0000000076304F
0430003073000718EUR2 00020553851300212250002122502/12 R84646 CT3974078001        00846460 0000000010839BREMISE CB /
0530003    00718EUR2 0002055385130021225     LIBBT      1092 90E COM     8 98E
0430003073000718EUR2 00020553851300212250002122502/12 R11162 CT3974078001        00111620 0000000000703HREMISE CB /
0530003    00718EUR2 0002055385130021225     LIBBT        70 70E COM     0 32E
0430003201000718EUR2 000205538516202122500301125CIONS TENUE DE COMPTE            00000001 0000000000536}
0530003    00718EUR2 0002055385162021225     LIBAU 30/11/25
0530003    00718EUR2 0002055385162021225     LIB-CION MOUVEMENT EUR       53 60
0530003    00718EUR2 0002055385162021225     LIBAU DELA DU SEUIL JAZZ PRO
0430003063000718EUR2 000205538516102122500301125INT DEBITEURS ET CION DECOUVERT  00000001 0000000000080Q
0530003    00718EUR2 0002055385161021225     LIBAU 30/11/25
0530003    00718EUR2 0002055385161021225     LIB-INT DEBITEURS  EUR        4 93
0530003    00718EUR2 0002055385161021225     LIB-CION DECOUVERT EUR        3 15
0530003    00718EUR2 0002055385161021225     LIBTAUX CONVENTIONNEL A LA DATE
0430003661000718EUR2 000205538512802122500021225CARTE X2970 01/12 ENGIE          00010000 0000000003787M
0530003    00718EUR2 0002055385128021225     LIBCOMMERCE ELECTRONIQUE
0430003432000718EUR2 00020553851B102122500021225SWILE TRANSFESWILE               42980550 0000000000128R6214298055
0530003    00718EUR2 00020553851B1021225     NBESWILE
0530003    00718EUR2 00020553851B1021225     IBEFR74ZZZ838795
0530003    00718EUR2 00020553851B1021225     LCCSWILE TRANSFER-172255-8112130
0530003    00718EUR2 00020553851B1021225     RCN175D6CF4E0ED473A82613CDD8E38E8D8
0430003432000718EUR2 00020553851B102122500021225PRELEVEMENT EPREL SCI CSVG       11884630 0000000074250M6211188463
0530003    00718EUR2 00020553851B1021225     NBEPREL SCI CSVG
0530003    00718EUR2 00020553851B1021225     IBEFR86ZZZ80898E
0530003    00718EUR2 00020553851B1021225     RCN15001054
0530003    00718EUR2 00020553851B1021225     RUMPONTSTEMAXENCEBEE
0730003    00718EUR2 00020553851  021225                                                  0000000009064A
0130003    00712EUR2 00020519382  011225EIRL ECO BAT                     COMPTE COURANT   0000000003870G
0430003501000712EUR2 00020519382C202122500011225SUMUP PID1443SUMUP LIMITED       76566060 0000000002623B583577656606
0530003    00712EUR2 00020519382C2021225     NPYSUMUP LIMITED
0530003    00712EUR2 00020519382C2021225     LCCSUMUP PID1443441 PAYOUT 011225
0530003    00712EUR2 00020519382C2021225     RCN1819666673
0530003    00712EUR2 00020519382C2021225     PDODE ALLEMAGNE
0430003188000712EUR2 000205193826202122500011225ABONNT ENCAISSEMENT INTERNET     00000001 0000000000396}
0530003    00712EUR2 0002051938262021225     LIB01/12/25-31/12/25CONTRAT3680563
0530003    00712EUR2 0002051938262021225     LIBTVA A 20 00   6 60 EUR
0530003    00712EUR2 0002051938262021225     LIBMONTANT HT   33 00 EUR
0730003    00712EUR2 00020519382  021225                                                  0000000006097I
0130003    02944EUR2 00020024274  011225IBH                              COMPTE COURANT   0000000848073C
0430003501002944EUR2 00020024274C202122500021225FAC000088 SCIS.C.I. DRCJ2        81094240 0000000062120{583678109424
0530003    02944EUR2 00020024274C2021225     NPYS.C.I. DRCJ2
0530003    02944EUR2 00020024274C2021225     LCCFAC000088 SCI DRCJ2 MAISON A
0530003    02944EUR2 00020024274C2021225     RCNFAC000088 SCI DRCJ2 MAISON A
0430003501002944EUR2 00020024274C202122500021225REMBOURSEMENTIM'MOTA             83471850 0000000003990{583678347185
0530003    02944EUR2 00020024274C2021225     NPYIM'MOTA
0530003    02944EUR2 00020024274C2021225     LCCREMBOURSEMENT ACHAT ELECTRODEPOT
0530003    02944EUR2 00020024274C2021225     RCNREMBOURSEMENT ACHAT ELECTRODEPOT
0430003219002944EUR2 000200242741802122500021225FACTURE N FACMADAME DESCOURTIS   00000000 0000000246075{6387758517S
0530003    02944EUR2 0002002427418021225     NPYMADAME DESCOURTIS MORGANE OU
0530003    02944EUR2 0002002427418021225     LCCFACTURE N FAC000086 MADAME MONSIEUR DESCOURTIS ET LESPAGNOL MORGANE ET
0530003    02944EUR2 0002002427418021225     LC2 ALEXIS
0430003219002944EUR2 000200242741802122500021225FACTURE N FACMADAME DESCOURTIS   00000000 0000000039000{6387758437S
0530003    02944EUR2 0002002427418021225     NPYMADAME DESCOURTIS MORGANE OU
0530003    02944EUR2 0002002427418021225     LCCFACTURE N FACO00085  MONSIEUR DESCOURTIS ET LESPAGNOL MORGANE ET ALEXI
0530003    02944EUR2 0002002427418021225     LC2S
0430003949002944EUR2 000200242742102122500021225000001 VIR EUROPEEN EMIS   NET   83208490 0000000025000}9533620782696
0530003    02944EUR2 0002002427421021225     NBESAS IM MOTA
0530003    02944EUR2 0002002427421021225     REF LOYER LOCAUX AGNETZ
0530003    02944EUR2 0002002427421021225     LCCLOYER LOCAUX AGNETZ
0530003    02944EUR2 0002002427421021225     BDBCEPAFRPP627
0430003949002944EUR2 000200242742102122500021225000004 VIR EUROPEEN EMIS   NET   83199160 0000000095229}9533620778655
0530003    02944EUR2 0002002427421021225     REF SALAIRES NOVEMBRE 2025
0530003    02944EUR2 0002002427421021225     LEM                                   032025336207786550000000 004 VI
0430003949002944EUR2 000200242742102122500021225000001 VIR EUROPEEN EMIS   NET   83699850 0000000100000}9533620823971
0530003    02944EUR2 0002002427421021225     NBEMC ET J SARL
0530003    02944EUR2 0002002427421021225     REF 032025336208239710000000
0530003    02944EUR2 0002002427421021225     BDBSOGEFRPP
0530003    02944EUR2 0002002427421021225     LEM                                   032025336208239710000000 001 VI
0430003900002944EUR2 000200242746202122500011225FRAIS VIREMENT SEPA ELEC. PGN    00000001 0000000000005}
0530003    02944EUR2 0002002427462021225     LIBREF STP
0530003    02944EUR2 0002002427462021225     LIB2 VIRT       A   0 25 EUR NT
0430003661002944EUR2 000200242742802122500021225CARTE X0387 01/12 ELECTRO DEPOT  00010000 0000000003990}
0730003    02944EUR2 00020024274  021225                                                  0000000975034C
0130003    02944EUR2 00020034650  011225MGFH                             COMPTE COURANT   0000000000500{
0430003900002944EUR2 000200346506202122500011225FRAIS VIREMENT SEPA ELEC. PGN    00000001 0000000000007N
0530003    02944EUR2 0002003465062021225     LIBREF STP
0530003    02944EUR2 0002003465062021225     LIB3 VIRT       A   0 25 EUR NT
0730003    02944EUR2 00020034650  021225                                                  0000000000492E
0130004    01333EUR2 00010282606  011225DECOFOR                          DECOFOR S.A.S    0000000011547R
0430004008501333EUR2 0001028260607021225  011225REG 0212 RELEVE 21369088         00000000 0000000016857J
0430004620101333EUR2 0001028260664021225  101225FACTURE NUMERO 2025120113173907  00000001 0000000000460Q6
0730004    01333EUR2 00010282606  021225                                                  0000000028865Q