0110207    00052EUR2 22217782342  021225LK DEVELOPPEMENT                 COMPTE COURANT   0000001756402B
0410207052300052EUR2E2221778234206031225  031225EVI OCCAS CYBER                  3656371100000000100000}V           N V
0510207    00052EUR2 2221778234206031225     LIBVIREMENT DE N V L TRANSPORTS
0510207    00052EUR2 2221778234206031225     LIBVIREMENT DE N V L TRANSPORTS
0510207    00052EUR2 2221778234206031225     LIBEVI CREDIT AGRICOLE
0710207    00052EUR2 22217782342  031225                                                  0000001656402B
0110107    00342EUR2 00929031259  021225SOCIETE CIVILE IMMOBILIERE IREM  COMPTE COURANT   0000000118734E
0410107056900342EUR2E0092903125905031225  031225VIREMENT SEPA RECU   569    000  2818750  0000000000289H
0510107    00342EUR2 0092903125905031225     NPYREGLEMENT AFFILIES BIMPLI TR
0510107    00342EUR2 0092903125905031225     LCCNIT-TRD-2027227-01122025-01
0510107    00342EUR2 0092903125905031225     RCN01/12/2025 NIT RBTMONETIQUE - 28437
0510107    00342EUR2 0092903125905031225     LIBNATXFRPPXXX
0410107020700342EUR2E0092903125930031225  031225REMISE CB            207    000  0123003  0000000001045D
0510107    00342EUR2 0092903125930031225     LIBMT. BRUT.         105 30 EUR REF. 5123018001
0510107    00342EUR2 0092903125930031225     LIB(FRAIS E.    0 76 DONT HT E.    0 63
0510107    00342EUR2 0092903125930031225     LIBTVA TAUX 20 00   E.    0 13)
0410107020700342EUR2E0092903125930031225  031225REMISE CB            207    000  0123005  0000000005667E
0510107    00342EUR2 0092903125930031225     LIBMT. BRUT.         570 85 EUR REF. 5123028001
0510107    00342EUR2 0092903125930031225     LIB(FRAIS E.    4 10 DONT HT E.    3 42
0510107    00342EUR2 0092903125930031225     LIBTVA TAUX 20 00   E.    0 68)
0410107056800342EUR2E0092903125906031225  031225VIREMENT SEPA EMIS   568    000  90109360 0000000039504N
0510107    00342EUR2 0092903125906031225     NBEMR BOULANGERIE LELY RUE J JAURES
0510107    00342EUR2 0092903125906031225     LCCOCTOBRE 2025
0510107    00342EUR2 0092903125906031225     LIBBREDFRPPXXX
0710107    00342EUR2 00929031259  031225                                                  0000000086232G
0110207    00007EUR2 22219897503  021225S.C.I. DAM                       COMPTE COURANT   0000000310691{
0410207050500007EUR2E2221989750305031225  031225EUROVIREMENT                     FI2X0I4000000000008500{               N
0510207    00007EUR2 2221989750305031225     LIBPAIEMENT LOYER NOVEMBRE
0510207    00007EUR2 2221989750305031225     LIBEVI LUXURYNEST
0510207    00007EUR2 2221989750305031225     MMOEUR2000000000850000000000000000
0510207    00007EUR2 2221989750305031225     NPYLUXURYNEST
0510207    00007EUR2 2221989750305031225     NBESCI RNRCM
0510207    00007EUR2 2221989750305031225     LCCPAIEMENT LOYER NOVEMBRE
0510207    00007EUR2 2221989750305031225     RCNRAWSCTOUTZA8VYH1KQYQ4OUCXCPVX3Q
0710207    00007EUR2 22219897503  031225                                                  0000000319191{
0110107    00342EUR2 00312077208  021225AGP RENOVATION                   COMPTE COURANT   0000000038396G
0710107    00342EUR2 00312077208  031225                                                  0000000038396G