0130002    02355EUR2 0000070X036  031225DECOFOR                          DECOFOR S.A.S    0000000000000{
0730002    02355EUR2 0000070X036  041225                                                  0000000000000{
0130002    06246EUR2 0000071A531  031225SIVASOORIYALINGAM SIVALOGINI     COMPTE COURANT   0000000950454P
0430002606606246EUR2E0000071A5316202122500021225FACT. DES SERVICES AU  02.12.25  0000000100000000000165}6630000000000000
0430002112406246EUR2E0000071A5312103122500031225VIR SEPA MULTI-LITE              0000000000000000068584}4433722700000000
0530002    06246EUR2 0000071A53121031225     REF533750368738
0530002    06246EUR2 0000071A53121031225     LCC1746313/747294/748631
0430002112406246EUR2E0000071A5312103122500031225VIR SEPA DOMUS NUMIDIA           0000000000000000031400}4433722700000000
0530002    06246EUR2 0000071A53121031225     REF533750603303
0530002    06246EUR2 0000071A53121031225     LCCLOYER AOUT
0430002907506246EUR2E0000071A5319103122500031225PRET 21938028                    0000000100000000007233Q0000000000000000
0530002    06246EUR2 0000071A53191031225     LIBECHEANCE 03/12/2025            99
0530002    06246EUR2 0000071A53191031225     LIBPM221938028        01031225    99
0430002112606246EUR2E0000071A531B103122500031225PRLV SEPA WTW FRANCE             0000000000000000000276}4020312000000361
0530002    06246EUR2 0000071A531B1031225     NBEWTW FRANCE
0530002    06246EUR2 0000071A531B1031225     IBEFR39ZZZ000957                      SEPA
0530002    06246EUR2 0000071A531B1031225     RUM++ADES000013235000953773           RCUR
0530002    06246EUR2 0000071A531B1031225     LCCMULTIPREVOYANCE PRO230000132350
0530002    06246EUR2 0000071A531B1031225     RCN00000ADE2512010000132350
0430002111206246EUR2E0000071A5311804122500041225041225 BPI   71360844573  VIREM  0000000000000000071682H2015293200000000
0530002    06246EUR2 0000071A53118041225     NPYBPIFRANCE
0530002    06246EUR2 0000071A53118041225     LCC041225 BPI   71360844573  VIREMT
0530002    06246EUR2 0000071A53118041225     RCN31191279
0430002111206246EUR2E0000071A5311804122500041225VIR SEPA CLINIQUE DES CEDRES     0000000000000000005532{2015295700000000
0530002    06246EUR2 0000071A53118041225     NPYCLINIQUE DES CEDRES
0530002    06246EUR2 0000071A53118041225     IPY06750165000039
0530002    06246EUR2 0000071A53118041225     RCNBIOMEDSYST ECHG 12BRASSARD+1 CAPTEU
0530002    06246EUR2 0000071A53118041225     IBU49981977900020
0430002111206246EUR2E0000071A5311804122500041225FC76320 HOPITAL GUILL. DE VARYE  0000000000000000004560{2015295700000000
0530002    06246EUR2 0000071A53118041225     NPYHOPITAL GUILL. DE VARYE
0530002    06246EUR2 0000071A53118041225     LCCFC76320 HOPITAL GUILL. DE VARYE
0530002    06246EUR2 0000071A53118041225     IPY65372046600024
0530002    06246EUR2 0000071A53118041225     RCNNOTPROVIDED
0530002    06246EUR2 0000071A53118041225     IBU49981977900053
0430002111206246EUR2E0000071A5311804122500041225VIREMENT SEPA BIOMEDISYST        0000000000000000000960{2015280700000000
0530002    06246EUR2 0000071A53118041225     NPYAURAL
0530002    06246EUR2 0000071A53118041225     LCCVIREMENT SEPA BIOMEDISYST
0530002    06246EUR2 0000071A53118041225     RCNAURAL VIR 02/12/00001/00008
0430002130106246EUR2E0000071A531C104122500041225DOLLARS                          0000000000000000014500}2512042025120414
0530002    06246EUR2 0000071A531C1041225     NPYBIOMEDISYST
0530002    06246EUR2 0000071A531C1041225     LCCDOLLARS
0530002    06246EUR2 0000071A531C1041225     RCNDOLLARS
0730002    06246EUR2 0000071A531  041225                                                  0000000989878P
0130002    00629EUR2 0000007J723  031225BOUCHERIE EL MANAR               COMPTE COURANT   0000000019239R
0430002111100629EUR2E0000007J7231803122500031225VIREMENT MME SOPHIE JOLIVET      0000000000000000004000{1333811800000000
0530002    00629EUR2 0000007J72318031225     NPYMME SOPHIE JOLIVET
0530002    00629EUR2 0000007J72318031225     RCNNOTPROVIDED
0430002111700629EUR2E0000007J7233004122500041225REMISE CB NO 111480 DU 041225    0111480000000000004542G3902501958006111
0530002    00629EUR2 0000007J72330041225     LIBBRUT      456 00COM        1 7399
0430002111700629EUR2E0000007J7233004122500041225REMISE CB NO 111510 DU 041225    0111510000000000001349I3902501958006111
0530002    00629EUR2 0000007J72330041225     LIBBRUT      135 50COM        0 5199
0730002    00629EUR2 0000007J723  041225                                                  0000000009347L
0130003    03920EUR2 00020449410  031225SULINSKI DELPHINE                COMPTE COURANT   0000000196217C
0730003    03920EUR2 00020449410  041225                                                  0000000196217C
0130003    03240EUR2 00020571253  031225EIRL ECO BAT                     COMPTE COURANT   0000000541168H
0430003219003240EUR2 000205712531804122500041225ME MARCIANO ACAISSE DES REGLEME  00000000 0000000780000{6487968208S
0530003    03240EUR2 0002057125318041225     NPYCAISSE DES REGLEMENTS PECUNIAIRES EFFECTUES PAR LES
0530003    03240EUR2 0002057125318041225     LCCME MARCIANO AVRAHAM-LAURENT -  AFF IMMOBILIERE 3F
0530003    03240EUR2 0002057125318041225     RCN3976027
0430003219003240EUR2 000205712531804122500041225VIR TRESO NOESYK AFRO            00000000 0000000004295G6585037411S
0530003    03240EUR2 0002057125318041225     NPYSYK AFRO
0530003    03240EUR2 0002057125318041225     LCCVIR TRESO NOELSE PAY - 10000055096
0530003    03240EUR2 0002057125318041225     RCNSCTS251204112433437-55096-91616
0730003    03240EUR2 00020571253  041225                                                  0000001325464E
0130002    00536EUR2 0000445Y201  031225NORTRADE INTERNATIONAL           COMPTE COURANT   0000000197834O
0430002606600536EUR2E0000445Y2016202122500021225FACT. DES SERVICES AU  02.12.25  0000000100000000000249}6630000000000000
0430002100800536EUR2E0000445Y2010103122500031225CHQ. 8961483                     8961483000000000017281K0000000080070700
0730002    00536EUR2 0000445Y201  041225                                                  0000000215364Q
0130002    00624EUR2 0000005D919  031225AU COEUR DES BEBES MAISON MEDICA COMPTE COURANT   0000000000000{
0730002    00624EUR2 0000005D919  041225                                                  0000000000000{
0130002    00470EUR2 0000445C784  031225LE MARTELOT BRUNO                                 0000000001244N
0430002112600470EUR2E0000445C784B103122500031225PRLV SEPA CACI NON LIFE LIMITED  0000000000000000002310J4020312000000320
0530002    00470EUR2 0000445C784B1031225     NBECACI NON LIFE LIMITED
0530002    00470EUR2 0000445C784B1031225     IBEFR82ZZZ550949                      SEPA
0530002    00470EUR2 0000445C784B1031225     RUM4777-000667536                     RCUR
0530002    00470EUR2 0000445C784B1031225     LCCLCL ASSURANCE EMPRUNTEUR SENIOR ECHEANCE 12/2025 - PRIME PERIODIQUE CO
0530002    00470EUR2 0000445C784B1031225     LC2NTRAT 70110015082663                               -GSN03251203
0530002    00470EUR2 0000445C784B1031225     RCNGSN001701100150826635337GDE3006869R
0530002    00470EUR2 0000445C784B1031225     NBU701G
0730002    00470EUR2 0000445C784  041225                                                  0000000003554O
0130002    06236EUR2 0000070V136  031225SARL MM AMENAGEMENT              COMPTE COURANT   0000000042186A
0430002112506236EUR2E0000070V1360704122500031225RELEVE LCR AU 04 12 2025         0000000000000000037584}4000000000098000
0430002111706236EUR2E0000070V1363004122500041225REMISE CB NO 025568 DU 041225    0025568000000000000477E3902045012006025
0530002    06236EUR2 0000070V13630041225     LIBBRUT       48 00COM        0 2599
0430002111706236EUR2E0000070V1363004122500041225REMISE CB NO 025596 DU 041225    0025596000000000000477E3902045012006025
0530002    06236EUR2 0000070V13630041225     LIBBRUT       48 00COM        0 2599
0730002    06236EUR2 0000070V136  041225                                                  0000000005557A
0130003    04090EUR2 00021909500  031225SARL AMANDINE JUIGNET            COMPTE COURANT   0000001273384C
0430003219004090EUR2 000219095001804122500041225REF FA2025 40SDC    9 RUE DES I  00000000 0000000054945{6582043205S
0530003    04090EUR2 0002190950018041225     NPYSDC    9 RUE DES IMMEUBLES IND
0530003    04090EUR2 0002190950018041225     LCCREF FA2025 4034 FOUR DECOFOR DATE 03 12 2025
0530003    04090EUR2 0002190950018041225     RCN5A055E08BD5E493283A4FFBC92715A21
0430003219004090EUR2 000219095001804122500041225REF FA2025 38SDC 30 ST OUEN/45   00000000 0000000002967H6586914480S
0530003    04090EUR2 0002190950018041225     NPYSDC 30 ST OUEN/45 GANNERON
0530003    04090EUR2 0002190950018041225     LCCREF FA2025 3804 FOUR DECOFOR DATE 24 11 2025
0530003    04090EUR2 0002190950018041225     RCN3031199140FC4FD5AE6A5A65D31A36E0
0430003740004090EUR2 000219095006204122500031225UROP. ELEC      583732626817     00000001 0000000000002NFRAIS VIR E
0530003    04090EUR2 0002190950062041225     LIBREF HUISSIERS AP JUSTICE PROBTP
0730003    04090EUR2 00021909500  041225                                                  0000001331294F
0130003    03708EUR2 00020785784  031225STOORM                           CCE STOORM       0000000280451C
0430003219003708EUR2 000207857841804122500041225VIREMENT SEPADEPAEPE NC          00000000 0000000047322{6484224384S
0530003    03708EUR2 0002078578418041225     NPYDEPAEPE NC
0530003    03708EUR2 0002078578418041225     LCCVIREMENT SEPA DEPAEPE NC
0530003    03708EUR2 0002078578418041225     RCNDEPAEPE NC ENDTOENDID
0430003284003708EUR2 000207857841804122500041225DPG25001190 FTECNOCABEL-COMPONE  00000000 0000000005280{6582099628S
0530003    03708EUR2 0002078578418041225     NPYTECNOCABEL-COMPONENTES ELETRICOS LDA
0530003    03708EUR2 0002078578418041225     LCCDPG25001190 F2509009
0530003    03708EUR2 0002078578418041225     IPY503887110
0530003    03708EUR2 0002078578418041225     RCN
0430003188003708EUR2 000207857846204122500031225FRAIS VIREMENT SEPA ELEC         00000001 0000000000005}
0530003    03708EUR2 0002078578462041225     LIBREF STP
0530003    03708EUR2 0002078578462041225     LIB2 VIRT       A   0 25 EUR NT
0730003    03708EUR2 00020785784  041225                                                  0000000333048C
0130003    01875EUR2 00027004250  031225SNC PERE ET FILS                 COMPTE COURANT   0000000094692C
0430003219001875EUR2 000270042501804122500041225F011125 ENTREBARBA               00000000 0000000003000{6580630995S
0530003    01875EUR2 0002700425018041225     NPYBARBA
0530003    01875EUR2 0002700425018041225     LCCF011125 ENTRETIEN JARDIN BARBA NOV25
0530003    01875EUR2 0002700425018041225     RCNZZ1JIIJ1Z7E5AXUV2
0730003    01875EUR2 00027004250  041225                                                  0000000097692C
0130003    04090EUR2 00020000830  031225MENILLET COURTAGE                COMPTE COURANT   0000000159045D
0730003    04090EUR2 00020000830  041225                                                  0000000159045D
0130003    00713EUR2 00020312603  031225EIRL DE FARIA PLOMBERIE          COMPTE COURANT   0000000064954H
0730003    00713EUR2 00020312603  041225                                                  0000000064954H
0130003    03980EUR2 00020082590  031225DUMAS JULIETTE                                    0000000172573B
0430003073003980EUR2 00020082590300412250004122504/12 VINCENT PATRICK3664919801  00989570 0000000000350{REMISE CB /
0530003    03980EUR2 0002008259030041225     LIB04/12 REM ACH CB98957 FORFAIT
0430003219003980EUR2 0002008259018041225000412250000009510216CPAM DU VAL D OISE  00000000 0000000003610{6581287926S
0530003    03980EUR2 0002008259018041225     NPYCPAM DU VAL D OISE
0530003    03980EUR2 0002008259018041225     LCC0000009510216903368500251203
0530003    03980EUR2 0002008259018041225     RCN0000009510216903368500251203
0530003    03980EUR2 0002008259018041225     IPY0
0430003500003980EUR2 00020082590C104122500031225000001 VIR INSTANTANE EMIS NET   07675500 0000000030000}583780767550
0530003    03980EUR2 00020082590C1041225     NBESCM  DOC SANNOIS                    04 12 SG 03702 CPT 00021050018
0530003    03980EUR2 00020082590C1041225     REF032025337221261070000000
0530003    03980EUR2 00020082590C1041225     RCN032025337221261070000001
0530003    03980EUR2 00020082590C1041225     LCCABONDEMENT ET TRAVAUX
0430003500003980EUR2 00020082590C104122500031225000001 VIR INSTANTANE EMIS NET   07777840 0000000060000}583780777784
0530003    03980EUR2 00020082590C1041225     NBEPATRICK VINCENT SG                  04 12 SG 03980 CPT 00050847376
0530003    03980EUR2 00020082590C1041225     REF032025337221341540000000
0530003    03980EUR2 00020082590C1041225     RCN032025337221341540000001
0530003    03980EUR2 00020082590C1041225     LCCVIREMENT PERSO
0430003432003980EUR2 00020082590B104122500041225PRELEVEMENT GMACSF-PREV-         41071050 0000000006912R6424107105
0530003    03980EUR2 00020082590B1041225     NBEMACSF-PREV-
0530003    03980EUR2 00020082590B1041225     IBEFR28ZZZ611964
0530003    03980EUR2 00020082590B1041225     LCCPRELEVEMENT GLOBAL MACSF PREVOYANCE
0530003    03980EUR2 00020082590B1041225     RCNMACSF-PRE/2025-12-03R/6055571000001
0730003    03980EUR2 00020082590  041225                                                  0000000079620C
0130003    02836EUR2 00020019852  031225SCI CLALEX                                        0000000201212D
0430003109002836EUR2 000200198520404122500041225VERST ESP GAB 04/12/25 10H11 36  00000000 0000000001900{DR  JACQUES ALBA
0530003    02836EUR2 0002001985204041225     AB2PARIS 72 AV DE VILLIERS     G
0530003    02836EUR2 0002001985204041225     AB3DR  JACQUES ALBAREA
0530003    02836EUR2 0002001985204041225     AB4CARTE 497307XXXXXX2029
0430003073002836EUR2 00020019852300412250004122504/12 ALBAREA JACQUES3666769502  00436810 0000000006360{REMISE CB /
0530003    02836EUR2 0002001985230041225     LIB04/12 REM ACH CB43681 FORFAIT
0430003073002836EUR2 00020019852300412250004122504/12 ALBAREA JACQUES3666769501  00788410 0000000000800{REMISE CB /
0530003    02836EUR2 0002001985230041225     LIB04/12 REM ACH CB78841 FORFAIT
0430003219002836EUR2 0002001985218041225000412250000009511185MGEN                00000000 0000000001020{6485226807S
0530003    02836EUR2 0002001985218041225     NPYMGEN
0530003    02836EUR2 0002001985218041225     LCC0000009511185203316511251128
0530003    02836EUR2 0002001985218041225     RCN0000009511185203316511251128
0430003219002836EUR2 000200198521804122500041225OW095P5729250MGEN                00000000 0000000000180{6580885568S
0530003    02836EUR2 0002001985218041225     NPYMGEN
0530003    02836EUR2 0002001985218041225     LCCOW095P572925095OWLQ72975460IF35 OW01/12/25-3519/3519
0530003    02836EUR2 0002001985218041225     RCNOWLQ0000001734112
0430003949002836EUR2 000200198522104122500041225000001 VIR EUROPEEN EMIS   NET   57181210 0000000070000}9533822375641
0530003    02836EUR2 0002001985221041225     NBEALBAREA JACQUES LCL
0530003    02836EUR2 0002001985221041225     REF TP
0530003    02836EUR2 0002001985221041225     LCCTO
0530003    02836EUR2 0002001985221041225     BDBCRLYFRPP
0530003    02836EUR2 0002001985221041225     LEM                                   032025338223756410000000 001 VI
0430003432002836EUR2 00020019852B104122500041225PRELEVEMENT GMACSF-PREV-         39271870 0000000001257L6423927187
0530003    02836EUR2 00020019852B1041225     NBEMACSF-PREV-
0530003    02836EUR2 00020019852B1041225     IBEFR28ZZZ611964
0530003    02836EUR2 00020019852B1041225     LCCPRELEVEMENT GLOBAL MACSF PREVOYANCE
0530003    02836EUR2 00020019852B1041225     RCNMACSF-PRE/2025-12-03R/4831113000001
0530003    02836EUR2 00020019852B1041225     RUM++MACSF-PREV-0000000000000000115445
0730003    02836EUR2 00020019852  041225                                                  0000000140215A
0130003    03766EUR2 00020472618  031225STA                              COMPTE COURANT   0000000009414G
0730003    03766EUR2 00020472618  041225                                                  0000000009414G
0130003    02998EUR2 00020019364  031225EIRL M ZHANG MARC                COMPTE COURANT   0000000129094Q
0430003500002998EUR2 00020019364C104122500041225000001 VIR INSTANTANE EMIS NET   11926970 0000000020233}583881192697
0530003    02998EUR2 00020019364C1041225     NBEMARLIN NADIA                        04 12 BQ CEPA CPT 04155766249
0530003    02998EUR2 00020019364C1041225     REF032025338223986810000000
0530003    02998EUR2 00020019364C1041225     RCN032025338223986810000001
0530003    02998EUR2 00020019364C1041225     LCCSALAIRE
0430003432002998EUR2 00020019364B104122500041225PRELEVEMENT KKEYYO               11647000 0000000000485O6401164700
0530003    02998EUR2 00020019364B1041225     NBEKEYYO
0530003    02998EUR2 00020019364B1041225     IBEFR14ZZZ412978
0530003    02998EUR2 00020019364B1041225     LCCPRELEVEMENT KEYYO DU 2025-12-02
0530003    02998EUR2 00020019364B1041225     RCN5491-R-3447568
0730003    02998EUR2 00020019364  041225                                                  0000000149813M
0130002    00536EUR2 0000445E082  031225MADEMOISELLE LAURENCE CLAUDINE   COMPTE COURANT   0000000076406G
0430002606600536EUR2E0000445E0826203122500031225COMMISSION VIREMENT PERMANENT    0000000100000000000016K8581187070000090
0430002111700536EUR2E0000445E0823004122500041225REMISE CB NO 008536 DU 041225    0008536000000000019564{3902988735004008
0430002111700536EUR2E0000445E0823004122500041225REMISE CB NO 109781 DU 041225    0109781000000000014894{3902988735004109
0430002111700536EUR2E0000445E0823004122500041225REMISE CB NO 108994 DU 041225    0108994000000000004144{3902988735004108
0430002111700536EUR2E0000445E0823004122500041225REMISE CB NO 008492 DU 041225    0008492000000000002958{3902988735004008
0430002607000536EUR2E0000445E0826204122500041225COMMISSIONS SUR REMISE CB        0008536100000000000064N3922988735004008
0530002    00536EUR2 0000445E08262041225     LIBNO 008536 DU 041225            99
0430002607000536EUR2E0000445E0826204122500041225COMMISSIONS SUR REMISE CB        0109781100000000000049J3922988735004109
0530002    00536EUR2 0000445E08262041225     LIBNO 109781 DU 041225            99
0430002607000536EUR2E0000445E0826204122500041225COMMISSIONS SUR REMISE CB        0108994100000000000013P3922988735004108
0530002    00536EUR2 0000445E08262041225     LIBNO 108994 DU 041225            99
0430002607000536EUR2E0000445E0826204122500041225COMMISSIONS SUR REMISE CB        0008492100000000000009Q3922988735004008
0530002    00536EUR2 0000445E08262041225     LIBNO 008492 DU 041225            99
0730002    00536EUR2 0000445E082  041225                                                  0000000117813D
0130002    00624EUR2 0000005C819  031225DOCTEUR AUDREY MARQUET           COMPTE COURANT   0000000000000{
0730002    00624EUR2 0000005C819  041225                                                  0000000000000{
0130002    04866EUR2 0000466G322  031225ARCI BOETIE                      COMPTE COURANT   0000001156100B
0730002    04866EUR2 0000466G322  041225                                                  0000001156100B
0130002    06231EUR2 0000072M040  031225PROLIFIK RECORDS              PROLIFIK RECORDS    0000000007900{
0430002606606231EUR2E0000072M0406202122500021225FACT. DES SERVICES AU  02.12.25  0000000100000000000158K6630000000000000
0430002130206231EUR2E0000072M040C203122500031225VIR DE CHAMBARTE                 0000000000000000040000{2512032025120320
0530002    06231EUR2 0000072M040C2031225     NPYCHAMBARTE
0530002    06231EUR2 0000072M040C2031225     LCCVIR DE CHAMBARTE
0530002    06231EUR2 0000072M040C2031225     RCNVK53373X896RLK01
0430002112606231EUR2E0000072M040B103122500031225PRLV SEPA ELECTRICITE DE FRANCE  0000000000000000038300L4020312000000338
0530002    06231EUR2 0000072M040B1031225     NBEELECTRICITE DE FRANCE
0530002    06231EUR2 0000072M040B1031225     IBEFR47EDF001007                      SEPA
0530002    06231EUR2 0000072M040B1031225     RUMMA970000058544                     RCUR
0530002    06231EUR2 0000072M040B1031225     LCCSAS CHAMBARTE            REF EDF 0958648071 RUM MA970000058544   2025-
0530002    06231EUR2 0000072M040B1031225     LC212-03
0530002    06231EUR2 0000072M040B1031225     RCNZ000958648071 99285 2   FELIX   992
0430002111206231EUR2E0000072M0401804122500041225P 375296E001P002 BDR 063759026   0000000000000000025740{2015279700000000
0530002    06231EUR2 0000072M04018041225     NPYDRFIP ILE DE FRANCE ET DE PARIS
0530002    06231EUR2 0000072M04018041225     LCCP 375296E001P002 BDR 063759026
0530002    06231EUR2 0000072M04018041225     RCN1D0750000 -ANCV-DC2599EQ9Q-1
0430002111206231EUR2E0000072M0401804122500041225CDJ-TRD-839485-20251203-01       0000000000000000002136G2015288000000000
0530002    06231EUR2 0000072M04018041225     NPYUP COOP
0530002    06231EUR2 0000072M04018041225     LCCCDJ-TRD-839485-20251203-01
0530002    06231EUR2 0000072M04018041225     RCN001DCLTA56238
0430002111206231EUR2E0000072M0401804122500041225VIR SEPA PLUXEE FRANCE           0000000000000000000984A2015283100000000
0530002    06231EUR2 0000072M04018041225     NPYPLUXEE FRANCE
0530002    06231EUR2 0000072M04018041225     RCNSOD-TRD-839485-30112025
0730002    06231EUR2 0000072M040  041225                                                  0000000038302C
0130002    00624EUR2 0000005T719  031225AP LESAGE                        COMPTE COURANT   0000001427325G
0430002111700624EUR2E0000005T7193004122500041225REMISE CB NO 005890 DU 041225    0005890000000000013151{3902068089004005
0430002111700624EUR2E0000005T7193004122500041225REMISE CB NO 005777 DU 041225    0005777000000000005501{3902068089004005
0430002111700624EUR2E0000005T7193004122500041225REMISE CB NO 029555 DU 041225    0029555000000000002433E3902068089004029
0430002111200624EUR2E0000005T7191804122500041225VIR SEPA PLUXEE FRANCE           0000000000000000002170C2015283100000000
0530002    00624EUR2 0000005T71918041225     NPYPLUXEE FRANCE
0530002    00624EUR2 0000005T71918041225     RCNSOD-TRD-256223-30112025
0430002111700624EUR2E0000005T7193004122500041225REMISE CB NO 005645 DU 041225    0005645000000000001982E3902068089004005
0430002111700624EUR2E0000005T7193004122500041225REMISE CB NO 005505 DU 041225    0005505000000000001384{3902068089004005
0430002111200624EUR2E0000005T7191804122500041225ERF-TRD-0256223-02122025-1       0000000000000000000651D2015272100000000
0530002    00624EUR2 0000005T71918041225     NPYEDENRED FRANCE
0530002    00624EUR2 0000005T71918041225     LCCERF-TRD-0256223-02122025-1
0530002    00624EUR2 0000005T71918041225     RCNVSCT-TX-47727
0430002111300624EUR2E0000005T7191804122500041225PMU - 11/2025 - 1011261          0000000000000000000245E1033720100000000
0530002    00624EUR2 0000005T71918041225     NPYGIE PARI MUTUEL URBAIN
0530002    00624EUR2 0000005T71918041225     LCCPMU - 11/2025 - 1011261
0530002    00624EUR2 0000005T71918041225     RCN5641681191
0530002    00624EUR2 0000005T71918041225     IBU**
0430002111200624EUR2E0000005T7191804122500041225CDJ-TRD-256223-20251203-01       0000000000000000000157H2015288000000000
0530002    00624EUR2 0000005T71918041225     NPYUP COOP
0530002    00624EUR2 0000005T71918041225     LCCCDJ-TRD-256223-20251203-01
0530002    00624EUR2 0000005T71918041225     RCN001DCLTA561QY
0430002111700624EUR2E0000005T7193004122500041225REMISE CB NO 029551 DU 041225    0029551000000000000140{3902068089004029
0430002111700624EUR2E0000005T7193004122500041225REMISE CB NO 008331 DU 041225    0008331000000000000130{3902068089004008
0430002122600624EUR2E0000005T719B204122500041225PRLV SEPA B2B LOGISTA FRANCE LO  0000000000000000011381R4120412000000379
0530002    00624EUR2 0000005T719B2041225     NBELOGISTA FRANCE LOGISTA FRANCE
0530002    00624EUR2 0000005T719B2041225     IBEFR45ZZZ414457                      SEPA
0530002    00624EUR2 0000005T719B2041225     RUM000000043871                       RCUR
0530002    00624EUR2 0000005T719B2041225     LCC/INV/E-ONLINE AUTO 30.11.2025/INV/E-ONLINE AUTO 30.11.2025
0530002    00624EUR2 0000005T719B2041225     RCN195024-8690304449                  OTHR
0430002112600624EUR2E0000005T719B104122500041225PRLV SEPA GROUPAMA GAN VIE       0000000000000000006719M4020412000000379
0530002    00624EUR2 0000005T719B1041225     NBEGROUPAMA GAN VIE
0530002    00624EUR2 0000005T719B1041225     IBEFR44ZZZ102911                      SEPA
0530002    00624EUR2 0000005T719B1041225     RUM++30GPR114436471D01                RCUR
0530002    00624EUR2 0000005T719B1041225     LCCPRIMES GAN-BPF GROUPEES  1 N 11 VOTRE RUM   ++30GPR114436471D01
0530002    00624EUR2 0000005T719B1041225     RCNSM30-0146-21PRIMES GAN-BPF GROUPEES
0430002112600624EUR2E0000005T719B104122500041225PRLV SEPA ENGIE                  0000000000000000003346Q4020412000000379
0530002    00624EUR2 0000005T719B1041225     NBEENGIE
0530002    00624EUR2 0000005T719B1041225     IBEFR03RAP002381                      SEPA
0530002    00624EUR2 0000005T719B1041225     RUM++GAM0094893                       RCUR
0530002    00624EUR2 0000005T719B1041225     LCC300000288863-001202148089
0530002    00624EUR2 0000005T719B1041225     RCN800005403993                       OTHR
0430002112600624EUR2E0000005T719B104122500041225PRLV SEPA TRANSGOURMET OPERATIO  0000000000000000002874K4020412000000379
0530002    00624EUR2 0000005T719B1041225     NBETRANSGOURMET OPERATIONS SAS        ETB TRANSGOURMET IDF VALENTON
0530002    00624EUR2 0000005T719B1041225     IBEFR12ZZZ505940                      SEPA
0530002    00624EUR2 0000005T719B1041225     RUMT384-000000057656                  RCUR
0530002    00624EUR2 0000005T719B1041225     LCC/INV/3351121638 4.11.2025
0530002    00624EUR2 0000005T719B1041225     RCN0066322782                         OTHR
0430002607000624EUR2E0000005T7196204122500041225COMMISSIONS SUR REMISE CB        0005890100000000000053L3922068089004005
0530002    00624EUR2 0000005T71962041225     LIBNO 005890 DU 041225            99
0430002607000624EUR2E0000005T7196204122500041225COMMISSIONS SUR REMISE CB        0005777100000000000020O3922068089004005
0530002    00624EUR2 0000005T71962041225     LIBNO 005777 DU 041225            99
0430002607000624EUR2E0000005T7196204122500041225COMMISSIONS SUR REMISE CB        0029555100000000000009J3922068089004029
0530002    00624EUR2 0000005T71962041225     LIBNO 029555 DU 041225            99
0430002607000624EUR2E0000005T7196204122500041225COMMISSIONS SUR REMISE CB        0005645100000000000007M3922068089004005
0530002    00624EUR2 0000005T71962041225     LIBNO 005645 DU 041225            99
0430002607000624EUR2E0000005T7196204122500041225COMMISSIONS SUR REMISE CB        0005505100000000000005K3922068089004005
0530002    00624EUR2 0000005T71962041225     LIBNO 005505 DU 041225            99
0430002607000624EUR2E0000005T7196204122500041225COMMISSIONS SUR REMISE CB        0029551100000000000000N3922068089004029
0530002    00624EUR2 0000005T71962041225     LIBNO 029551 DU 041225            99
0430002607000624EUR2E0000005T7196204122500041225COMMISSIONS SUR REMISE CB        0008331100000000000000N3922068089004008
0530002    00624EUR2 0000005T71962041225     LIBNO 008331 DU 041225            99
0730002    00624EUR2 0000005T719  041225                                                  0000001430853H
0130002    05688EUR2 0000070Q291  031225ETABLISSEMENTS LAMY              COMPTE COURANT   0000001187163E
0430002606605688EUR2E0000070Q2916202122500021225FACT. DES SERVICES AU  02.12.25  0000000100000000000770M6630000000000000
0730002    05688EUR2 0000070Q291  041225                                                  0000001186393A
0130002    00470EUR2 0000445S874  031225SCI JMCH GROUPE LEMOINE          COMPTE COURANT   0000000063312P
0430002111700470EUR2E0000445S8743004122500041225REMISE CB NO 122626 DU 041225    0122626000000000021011D3902172397004122
0430002111700470EUR2E0000445S8743004122500041225REMISE CB NO 122872 DU 041225    0122872000000000003668C3902172397004122
0430002607000470EUR2E0000445S8746204122500041225COMMISSIONS SUR REMISE CB        0122626100000000000107J3922172397004122
0530002    00470EUR2 0000445S87462041225     LIBNO 122626 DU 041225            99
0430002607000470EUR2E0000445S8746204122500041225COMMISSIONS SUR REMISE CB        0122872100000000000014P3922172397004122
0530002    00470EUR2 0000445S87462041225     LIBNO 122872 DU 041225            99
0730002    00470EUR2 0000445S874  041225                                                  0000000038754Q
0130003    03735USD2 00078019510  031225DR OLIVIER GROBOST               GASTRO ENTEROLOGU0000000001878G
0730003    03735USD2 00078019510  041225                                                  0000000001878G
0130003    00713EUR2 00050262300  031225SCI CLALEX                                        0000000867071H
0430003073000713EUR2 00050262300300412250009122504/12 R38139 CT3809243001        00381390 0000000001457CREMISE CB /
0530003    00713EUR2 0005026230030041225     LIBBT       146 40E COM     0 67E
0430003073000713EUR2 00050262300300412250009122504/12 R36004 CT3809243001        00360040 0000000001453CREMISE CB /
0530003    00713EUR2 0005026230030041225     LIBBT       146 00E COM     0 67E
0430003219000713EUR2 000502623001804122500041225BILLETTERIE WSAS   WEEZEVENT     00000000 0000000005383{6489261771S
0530003    00713EUR2 0005026230018041225     NPYSAS   WEEZEVENT
0530003    00713EUR2 0005026230018041225     LCCBILLETTERIE WEEZEVENT NOV 2 E1353292 UN CINE-CONCERT DE BUSTER KEATON
0530003    00713EUR2 0005026230018041225     LC2A STAR WARS PAR AIDA CONCERTS
0530003    00713EUR2 0005026230018041225     RCN6361388
0430003219000713EUR2 000502623001804122500041225BILLETTERIE WSAS   WEEZEVENT     00000000 0000000003982B6489263751S
0530003    00713EUR2 0005026230018041225     NPYSAS   WEEZEVENT
0530003    00713EUR2 0005026230018041225     LCCBILLETTERIE WEEZEVENT NOV 2 E1353402 DISCO PARADIZE SHOW
0530003    00713EUR2 0005026230018041225     RCN6358862
0430003219000713EUR2 000502623001804122500041225BILLETTERIE WSAS   WEEZEVENT     00000000 0000000003060I6489264947S
0530003    00713EUR2 0005026230018041225     NPYSAS   WEEZEVENT
0530003    00713EUR2 0005026230018041225     LCCBILLETTERIE WEEZEVENT NOV 2 E1353449 NATASHA ST-PIER MON HISTOIRE DAMO
0530003    00713EUR2 0005026230018041225     LC2UR CEST VOUS
0530003    00713EUR2 0005026230018041225     RCN6367444
0430003219000713EUR2 000502623001804122500041225BILLETTERIE WSAS   WEEZEVENT     00000000 0000000003041F6489265357S
0530003    00713EUR2 0005026230018041225     NPYSAS   WEEZEVENT
0530003    00713EUR2 0005026230018041225     LCCBILLETTERIE WEEZEVENT NOV 2 E1353299 TRIBUTE LES VIEILLES CANAILLES
0530003    00713EUR2 0005026230018041225     RCN6359993
0430003219000713EUR2 000502623001804122500041225BILLETTERIE WSAS   WEEZEVENT     00000000 0000000002471C6489263699S
0530003    00713EUR2 0005026230018041225     NPYSAS   WEEZEVENT
0530003    00713EUR2 0005026230018041225     LCCBILLETTERIE WEEZEVENT NOV 2 E1362449 GRAND CONCERT DU NOUVEL AN
0530003    00713EUR2 0005026230018041225     RCN6365506
0430003219000713EUR2 000502623001804122500041225BILLETTERIE WSAS   WEEZEVENT     00000000 0000000002060I6489260236S
0530003    00713EUR2 0005026230018041225     NPYSAS   WEEZEVENT
0530003    00713EUR2 0005026230018041225     LCCBILLETTERIE WEEZEVENT NOV 2 E1353439 DUO DANCING QUEENS TRIBUTE ABBA
0530003    00713EUR2 0005026230018041225     RCN6367449
0430003219000713EUR2 000502623001804122500041225BILLETTERIE WSAS   WEEZEVENT     00000000 0000000001832G6489260987S
0530003    00713EUR2 0005026230018041225     NPYSAS   WEEZEVENT
0530003    00713EUR2 0005026230018041225     LCCBILLETTERIE WEEZEVENT NOV 2 E1353313 CA DISPARAIT
0530003    00713EUR2 0005026230018041225     RCN6364560
0430003219000713EUR2 000502623001804122500041225BILLETTERIE WSAS   WEEZEVENT     00000000 0000000001680G6489261646S
0530003    00713EUR2 0005026230018041225     NPYSAS   WEEZEVENT
0530003    00713EUR2 0005026230018041225     LCCBILLETTERIE WEEZEVENT NOV 2 E1353420  HEROINES UNE EPOPEE DUNE MISOGYN
0530003    00713EUR2 0005026230018041225     LC2E EN THERAPIE DE BEATRICE DE LA BOULAYE
0530003    00713EUR2 0005026230018041225     RCN6366374
0430003219000713EUR2 000502623001804122500041225BILLETTERIE WSAS   WEEZEVENT     00000000 0000000001341{6489264992S
0530003    00713EUR2 0005026230018041225     NPYSAS   WEEZEVENT
0530003    00713EUR2 0005026230018041225     LCCBILLETTERIE WEEZEVENT NOV 2 E1353355 VACANCES OBLIGATOIRES
0530003    00713EUR2 0005026230018041225     RCN6359271
0430003219000713EUR2 000502623001804122500041225BILLETTERIE WSAS   WEEZEVENT     00000000 0000000001120H6489261762S
0530003    00713EUR2 0005026230018041225     NPYSAS   WEEZEVENT
0530003    00713EUR2 0005026230018041225     LCCBILLETTERIE WEEZEVENT NOV 2 E1353235 MADAME REVE D AIR PUR
0530003    00713EUR2 0005026230018041225     RCN6361327
0430003949000713EUR2 000502623002104122500041225000001 VIR EUROPEEN EMIS   NET   67564770 0000000004884}9533822788185
0530003    00713EUR2 0005026230021041225     NBEATELIER DES TRESORS 2
0530003    00713EUR2 0005026230021041225     REF FAC.2504-1438
0530003    00713EUR2 0005026230021041225     LCCPIECES POUR LA BOUTIQUE
0530003    00713EUR2 0005026230021041225     BDBAGRIFRPP868
0430003661000713EUR2 000502623002804122500041225CARTE X3305 03/12 AMAZON PAYMEN  00010000 0000000000170RTS
0530003    00713EUR2 0005026230028041225     LIBCOMMERCE ELECTRONIQUE
0430003661000713EUR2 000502623002804122500041225CARTE X3305 03/12 ADOBE.COM      00020000 0000000000786N
0530003    00713EUR2 0005026230028041225     LIBCOMMERCE ELECTRONIQUE
0430003661000713EUR2 000502623002804122500041225CARTE X3305 03/12 CARREFOUR ISL  00010000 0000000004220}E
0430003377000713EUR2 000502623000104122500031225CHEQUE    2876                   00028760 0000000000150}
0430003377000713EUR2 000502623000104122500031225CHEQUE    2867                   00028670 0000000000480}
0430003377000713EUR2 000502623000104122500031225CHEQUE    2886                   00028860 0000000003060}
0730003    00713EUR2 00050262300  041225                                                  0000000882206A
0130003    03702EUR2 00021058100  031225GEOBATI                          COMPTE COURANT   0000000145604C
0430003501003702EUR2 00021058100C204122500031225ABONDEMENT ETMONSIEUR PATRICK V  07675640 0000000030000{583780767564
0530003    03702EUR2 00021058100C2041225     NPYMONSIEUR PATRICK VINCENT
0530003    03702EUR2 00021058100C2041225     LCCABONDEMENT ET TRAVAUX
0530003    03702EUR2 00021058100C2041225     RCN032025337221261070000001
0430003432003702EUR2 00021058100B104122500041225PRELEVEMENT EEPARGNE SAL. ABOND  24469090 0000000020000}6412446909
0530003    03702EUR2 00021058100B1041225     NBEEPARGNE SAL. ABONDEMENT
0530003    03702EUR2 00021058100B1041225     IBEFR76ZZZ245313
0530003    03702EUR2 00021058100B1041225     RCNNO 264169812251204 R000VIM ABD
0530003    03702EUR2 00021058100B1041225     RUMR000VIM
0730003    03702EUR2 00021058100  041225                                                  0000000155604C
0130003    03840EUR2 00020044401  031225SCI DU HANGAR                    COMPTE COURANT   0000000123116H
0430003219003840EUR2 000200444011804122500041225FA2025-682   9026 SDC 41 RUE PA  00000000 0000000038041A6580175969S
0530003    03840EUR2 0002004440118041225     NPY9026 SDC 41 RUE PARMENTIER
0530003    03840EUR2 0002004440118041225     LCCFA2025-682
0530003    03840EUR2 0002004440118041225     RCNVIR-DU-202512031517-5-1
0430003219003840EUR2 000200444011804122500041225VIR RECU     SDC LE CAIGNARD 19  00000000 0000000002178{6581867988S
0530003    03840EUR2 0002004440118041225     NPYSDC LE CAIGNARD 19 SDC LE CAIGNARD 19
0530003    03840EUR2 0002004440118041225     RCNFACTURE N FA2025/803
0430003219003840EUR2 000200444011804122500041225VIR RECU     SDC RIDEL 111 SDC   00000000 0000000001705{6581811878S
0530003    03840EUR2 0002004440118041225     NPYSDC RIDEL 111 SDC RIDEL 111
0530003    03840EUR2 0002004440118041225     RCNFACTURE N FA2025/801
0730003    03840EUR2 00020044401  041225                                                  0000000165040I
0130003    04359EUR2 00020067512  031225ABC TELECOM                      COMPTE COURANT   0000000094045{
0730003    04359EUR2 00020067512  041225                                                  0000000094045{
0130003    03702EUR2 00020724158  031225SCI GHTE22600                                     0000000390802I
0430003219003702EUR2 0002072415818041225000412250000009510974DDFIP DU VAR        00000000 0000000000300{6486264005S
0530003    03702EUR2 0002072415818041225     NPYDDFIP DU VAR
0530003    03702EUR2 0002072415818041225     NPOCNMSS
0530003    03702EUR2 0002072415818041225     LCC0000009510974843322109251201
0530003    03702EUR2 0002072415818041225     RCN1D0830000CNMSSPRESTA75625335021253
0430003188003702EUR2 000207241586204122500031225FRAIS CHEQ IMP HORS SANS PROV    00000001 0000000000205}
0530003    03702EUR2 0002072415862041225     LIBREF BDX NUM 2931031200397
0730003    03702EUR2 00020724158  041225                                                  0000000390897I
0130003    03702EUR2 00020027178  031225MAITRE FRENKIAN VIRGINIE         COMPTE COURANT   0000000027957E
0730003    03702EUR2 00020027178  041225                                                  0000000027957E
0130003    00713EUR2 00020359160  031225CAPCARRERE                       COMPTE COURANT   0000002479412F
0430003949000713EUR2 000203591602104122500041225000001 VIR EUROPEEN EMIS   NET   57184070 0000000007000}9533822380398
0530003    00713EUR2 0002035916021041225     NBECARER JEAN LUC
0530003    00713EUR2 0002035916021041225     REF LOCATION BUREAU NOV 2025
0530003    00713EUR2 0002035916021041225     LCCLOCATION BUREAU
0530003    00713EUR2 0002035916021041225     BDBSOGEFRPP
0430003432000713EUR2 00020359160B104122500041225PRELEVEMENT RROOLE-IDENTICAR-ID  86751340 0000000000139N6418675134
0530003    00713EUR2 00020359160B1041225     NBEROOLE-IDENTICAR-IDENTICAR
0530003    00713EUR2 00020359160B1041225     IBEFR46ZZZ561200
0530003    00713EUR2 00020359160B1041225     LCCPRELEVEMENT ROOLE-IDENTICAR
0530003    00713EUR2 00020359160B1041225     RCN24568478-IDCAR21182TX2129
0730003    00713EUR2 00020359160  041225                                                  0000002472273A
0130003    03702EUR2 00020737533  031225AU COEUR DES BEBES               COMPTE COURANT   0000000841219E
0430003501003702EUR2 00020737533C204122500041225FRUIT        SERVICE ENERGIE AE  13143880 0000000000930E583881314388
0530003    03702EUR2 00020737533C2041225     NPYSERVICE ENERGIE AEOLUS
0530003    03702EUR2 00020737533C2041225     LCCFRUIT
0530003    03702EUR2 00020737533C2041225     RCNFRUIT
0430003219003702EUR2 000207375331804122500041225/INV/27725 1.CHRISTIAN DIOR COU  00000000 0000000024545G6583398106S
0530003    03702EUR2 0002073753318041225     NPYCHRISTIAN DIOR COUTURE
0530003    03702EUR2 0002073753318041225     LCC/INV/27725 1.10.2025 /INV/27768 1.10.2025 2100530102
0530003    03702EUR2 0002073753318041225     RCN3U2900530102
0430003219003702EUR2 000207375331804122500041225155777453 AUEASP AGENCE COMPTAB  00000000 0000000020833{6488387576S
0530003    03702EUR2 0002073753318041225     NPYASP AGENCE COMPTABLE
0530003    03702EUR2 0002073753318041225     LCC155777453 AUEA AUEA04016510840 MINISTERE DU TRAVAIL AIDE UNIQUE APPREN
0530003    03702EUR2 0002073753318041225     LC2TI FRUITSELECT
0530003    03702EUR2 0002073753318041225     RCN1D0750000155777453-TEL---0442525432
0430003219003702EUR2 000207375331804122500041225FR281360-PAIEEUROFINS IESPM      00000000 0000000004206C6481444740S
0530003    03702EUR2 0002073753318041225     NPYEUROFINS IESPM
0530003    03702EUR2 0002073753318041225     LCCFR281360-PAIEMENT FOUR F034485 28579
0530003    03702EUR2 0002073753318041225     RCNFR-FR281360
0430003219003702EUR2 000207375331804122500041225YOUR REFERENCQUICK INTERNATIONA  00000000 0000000003902D6584260921S
0530003    03702EUR2 0002073753318041225     NPYQUICK INTERNATIONAL FRANCE SAS
0530003    03702EUR2 0002073753318041225     LCCYOUR REFERENCE(S)  28268
0530003    03702EUR2 0002073753318041225     RCNFR41-QK00059-006336
0430003219003702EUR2 000207375331804122500041225FRUITSELECT 2LES BONS ARTISANS   00000000 0000000002810E6583537894S
0530003    03702EUR2 0002073753318041225     NPYLES BONS ARTISANS
0530003    03702EUR2 0002073753318041225     LCCFRUITSELECT 29168
0530003    03702EUR2 0002073753318041225     RCNFRUITSELECT 29168
0430003219003702EUR2 000207375331804122500041225ADSSID F28792A D S S I D DU VAL  00000000 0000000002810E6585274824S
0530003    03702EUR2 0002073753318041225     NPYA D S S I D DU VAL D OISE
0530003    03702EUR2 0002073753318041225     LCCADSSID F28792 DU 01122025
0530003    03702EUR2 0002073753318041225     RCNADSSID F28792 DU 01122025
0430003219003702EUR2 00020737533180412250004122527829  PAID BOMNICOM FINANCIAL   00000000 0000000002579E6580897608S
0530003    03702EUR2 0002073753318041225     NPYOMNICOM FINANCIAL SERVICES LIMITED
0530003    03702EUR2 0002073753318041225     NPOSCORE DDB
0530003    03702EUR2 0002073753318041225     LCC27829  PAID BY SCORE DDB
0530003    03702EUR2 0002073753318041225     RCNOFS035385617
0430003219003702EUR2 00020737533180412250004122528842 BENEFICENEDIS BRED CDPG V  00000000 0000000002308C6584364186S
0530003    03702EUR2 0002073753318041225     NPYENEDIS BRED CDPG VIREMENTS
0530003    03702EUR2 0002073753318041225     LCC28842 BENEFICIAIRE SOCIETE FRUITSELECT3100010232
0530003    03702EUR2 0002073753318041225     RCNVSEP55964177861AP32500079441
0430003219003702EUR2 000207375331804122500041225/INV/28426 3.MICROECONOMIE APPL  00000000 0000000001899{6481446337S
0530003    03702EUR2 0002073753318041225     NPYMICROECONOMIE APPLIQUEE
0530003    03702EUR2 0002073753318041225     LCC/INV/28426 3.11.2025
0530003    03702EUR2 0002073753318041225     RCN2000000023
0430003219003702EUR2 000207375331804122500041225/INV/28441 3.GXO LOGISTICS SERV  00000000 0000000001869E6483368533S
0530003    03702EUR2 0002073753318041225     NPYGXO LOGISTICS SERVICES FRANCE
0530003    03702EUR2 0002073753318041225     LCC/INV/28441 3.11.2025
0530003    03702EUR2 0002073753318041225     RCN0081000441
0430003219003702EUR2 00020737533180412250004122529212        BPIFRANCE INVESTIS  00000000 0000000001666I6584923787S
0530003    03702EUR2 0002073753318041225     NPYBPIFRANCE INVESTISSEMENT
0530003    03702EUR2 0002073753318041225     LCC29212
0530003    03702EUR2 0002073753318041225     RCN110874
0530003    03702EUR2 0002073753318041225     IPY433975224
0430003219003702EUR2 00020737533180412250004122528253        HELIAQ SOLUTIONS    00000000 0000000001662G6481446007S
0530003    03702EUR2 0002073753318041225     NPYHELIAQ SOLUTIONS
0530003    03702EUR2 0002073753318041225     LCC28253
0530003    03702EUR2 0002073753318041225     RCNSCT2512BD30022
0430003219003702EUR2 000207375331804122500041225VIR RECU     SITMAM              00000000 0000000001569H6488118642S
0530003    03702EUR2 0002073753318041225     NPYSITMAM
0530003    03702EUR2 0002073753318041225     RCN28919/1009886/01-12-2025
0430003284003702EUR2 000207375331804122500041225/INV/28644 3.HOLCIM GRANULATS N  00000000 0000000001498A6582289360S
0530003    03702EUR2 0002073753318041225     NPYHOLCIM GRANULATS NORD
0530003    03702EUR2 0002073753318041225     LCC/INV/28644 3.11.2025
0530003    03702EUR2 0002073753318041225     RCNFR6434000013202025
0530003    03702EUR2 0002073753318041225     PDOBE BELGIQUE
0430003219003702EUR2 000207375331804122500041225FACTURE N.291RZ EXPERTISE COMPT  00000000 0000000001405C6484243424S
0530003    03702EUR2 0002073753318041225     NPYRZ EXPERTISE COMPTABLE ET CONSEI
0530003    03702EUR2 0002073753318041225     LCCFACTURE N.29121
0430003219003702EUR2 000207375331804122500041225FACTURE 28953STE  INGEPAR        00000000 0000000001240G6581733837S
0530003    03702EUR2 0002073753318041225     NPYSTE  INGEPAR
0530003    03702EUR2 0002073753318041225     LCCFACTURE 28953
0430003219003702EUR2 00020737533180412250004122528918        BEELDI              00000000 0000000001076A6581787663S
0530003    03702EUR2 0002073753318041225     NPYBEELDI
0530003    03702EUR2 0002073753318041225     LCC28918
0530003    03702EUR2 0002073753318041225     RCN5CE55E1283034C37AA7E73BDAC2A1531
0430003219003702EUR2 000207375331804122500041225FRUITSELECT OAVANQUEST SOFTWARE  00000000 0000000000702F6488116288S
0530003    03702EUR2 0002073753318041225     NPYAVANQUEST SOFTWARE
0530003    03702EUR2 0002073753318041225     LCCFRUITSELECT OCT25
0530003    03702EUR2 0002073753318041225     RCNFRUITSELECT OCT25
0430003219003702EUR2 000207375331804122500041225VIR RECU     SOCIETE DES ENTREP  00000000 0000000000620C6487857588S
0530003    03702EUR2 0002073753318041225     NPYSOCIETE DES ENTREPOTS ET DE DISTRIB
0530003    03702EUR2 0002073753318041225     RCNFRUITSELECT - 09/25
0430003284003702EUR2 00020737533180412250004122520251103/2828DACHSER FRANCE S.A  00000000 0000000000597A6582283348S
0530003    03702EUR2 0002073753318041225     NPYDACHSER FRANCE S.A.S
0530003    03702EUR2 0002073753318041225     LCC20251103/28280/59.71
0530003    03702EUR2 0002073753318041225     RCN8541478280
0530003    03702EUR2 0002073753318041225     PDODE ALLEMAGNE
0430003219003702EUR2 00020737533180412250004122528729 FRUITSEMP MISTER PREZ      00000000 0000000000538A6581784175S
0530003    03702EUR2 0002073753318041225     NPYMP MISTER PREZ
0530003    03702EUR2 0002073753318041225     LCC28729 FRUITSELECT MISTER PREZ
0530003    03702EUR2 0002073753318041225     RCNPP31151120
0430003219003702EUR2 00020737533180412250004122528901 FRUITSEWE ACTEAM SUD       00000000 0000000000374E6585580181S
0530003    03702EUR2 0002073753318041225     NPYWE ACTEAM SUD
0530003    03702EUR2 0002073753318041225     LCC28901 FRUITSELECT WE ACTEAM SUD
0530003    03702EUR2 0002073753318041225     RCNPP31350048
0430003500003702EUR2 00020737533C104122500041225000001 VIR INSTANTANE EMIS NET   14466640 0000000058000}583881446664
0530003    03702EUR2 00020737533C1041225     NBEBOUBEKER CONSEIL                    04 12 SG 03704 CPT 00020251754
0530003    03702EUR2 00020737533C1041225     REF032025338225970280000000
0530003    03702EUR2 00020737533C1041225     RCNFACTURE FA026 FRUITSELECT
0530003    03702EUR2 00020737533C1041225     LCCFACTURE FA026 FRUITSELECT
0430003432003702EUR2 00020737533B104122500041225VOTRE ABONNEMORANGE SA-ORANGE    56141160 0000000000649Q6405614116
0530003    03702EUR2 00020737533B1041225     NBEORANGE SA-ORANGE
0530003    03702EUR2 00020737533B1041225     IBEFR18ZZZ002305
0530003    03702EUR2 00020737533B1041225     LCCVOTRE ABONNEMENT MOBILE  06XXXXX579 (FACTURE  1304622373)
0530003    03702EUR2 00020737533B1041225     RCN161045603685356151130462237350
0730003    03702EUR2 00020737533  041225                                                  0000000864217A
0130003    00479EUR2 00020015022  031225MADIO                                             0000000002997J
0730003    00479EUR2 00020015022  041225                                                  0000000002997J
0130003    03980EUR2 00020081840  031225MENILLET COURTAGE                COMPTE COURANT   0000002380593G
0730003    03980EUR2 00020081840  041225                                                  0000002380593G
0130002    02355EUR2 0000070L136  031225MR CARTON MATTHIEU               COMPTE COURANT   0000000000000{
0730002    02355EUR2 0000070L136  041225                                                  0000000000000{
0130002    00536EUR2 0000445K873  031225PREVENTECH                       COMPTE COURANT   0000000025054A
0430002111700536EUR2E0000445K8733004122500041225REMISE CB NO 006844 DU 041225    0006844000000000005450{3902060738004006
0430002111700536EUR2E0000445K8733004122500041225REMISE CB NO 054388 DU 041225    0054388000000000001500{3902060738004054
0430002111700536EUR2E0000445K8733004122500041225REMISE CB NO 006830 DU 041225    0006830000000000001200{3902060738004006
0430002607000536EUR2E0000445K8736204122500041225COMMISSIONS SUR REMISE CB        0006844100000000000015L3922060738004006
0530002    00536EUR2 0000445K87362041225     LIBNO 006844 DU 041225            99
0430002607000536EUR2E0000445K8736204122500041225COMMISSIONS SUR REMISE CB        0054388100000000000004K3922060738004054
0530002    00536EUR2 0000445K87362041225     LIBNO 054388 DU 041225            99
0430002607000536EUR2E0000445K8736204122500041225COMMISSIONS SUR REMISE CB        0006830100000000000003M3922060738004006
0530002    00536EUR2 0000445K87362041225     LIBNO 006830 DU 041225            99
0730002    00536EUR2 0000445K873  041225                                                  0000000033181B
0130002    00602EUR2 0000005Z013  031225PREVENTECH                       COMPTE COURANT   0000000000000{
0730002    00602EUR2 0000005Z013  041225                                                  0000000000000{
0130002    00836EUR2 0000431E314  031225MADIO                                             0000000924641{
0430002112600836EUR2E0000431E314B104122500041225PRLV SEPA SFR                    0000000000000000000069}4010412000000322
0530002    00836EUR2 0000431E314B1041225     NBESFR
0530002    00836EUR2 0000431E314B1041225     IBEFR44ZZZ332801                      SEPA
0530002    00836EUR2 0000431E314B1041225     RUMGP202307090218326794               RCUR
0530002    00836EUR2 0000431E314B1041225     LCCSFR PRLVT SEPA 99-1AA34P-01 003953982266
0530002    00836EUR2 0000431E314B1041225     RCN003953982266 99-1AA34P-01
0730002    00836EUR2 0000431E314  041225                                                  0000000924572{
0130002    06254EUR2 0000079B380  031225JOBDOCTOR                     JOBDOCTOR SAS       0000000117110A
0730002    06254EUR2 0000079B380  041225                                                  0000000117110A
0130002    02355EUR2 0000070S926  031225MLE  COSPEREC  AUDREY            MLE  AUDREY COSPE0000000021654Q
0430002100202355EUR2E0000070S9260404122500031225VERSEMENT ALS 03/12/25 00564     0000000000000000025300{0000000000072300
0430002111702355EUR2E0000070S9263004122500041225REMISE CB NO 013126 DU 041225    0013126000000000025830{3902029176006013
0530002    02355EUR2 0000070S92630041225     LIBBRUT     2591 02COM        8 0299
0430002111702355EUR2E0000070S9263004122500041225REMISE CB NO 013012 DU 041225    0013012000000000012607F3902029176006013
0530002    02355EUR2 0000070S92630041225     LIBBRUT     1264 55COM        3 7999
0430002111302355EUR2E0000070S9261804122500041225PMU - 11/2025 - 1050858          0000000000000000001198B1033720100000000
0530002    02355EUR2 0000070S92618041225     NPYGIE PARI MUTUEL URBAIN
0530002    02355EUR2 0000070S92618041225     LCCPMU - 11/2025 - 1050858
0530002    02355EUR2 0000070S92618041225     RCN5641755008
0530002    02355EUR2 0000070S92618041225     IBU**
0430002112402355EUR2E0000070S9262104122500041225VIR SEPA COMPTE FDJ              0000000000000000029263}1333812800000000
0530002    02355EUR2 0000070S92621041225     REF533850381510
0430002122602355EUR2E0000070S926B204122500041225PRLV SEPA B2B LOGISTA FRANCE LO  0000000000000000001325}4120412000000363
0530002    02355EUR2 0000070S926B2041225     NBELOGISTA FRANCE LOGISTA FRANCE
0530002    02355EUR2 0000070S926B2041225     IBEFR45ZZZ414457                      SEPA
0530002    02355EUR2 0000070S926B2041225     RUM000000079232                       RCUR
0530002    02355EUR2 0000070S926B2041225     LCC/INV/E-ONLINE AUTO 30.11.2025/INV/E-ONLINE AUTO 30.11.2025
0530002    02355EUR2 0000070S926B2041225     RCN240734-8690306653                  OTHR
0730002    02355EUR2 0000070S926  041225                                                  0000000012693{
0130002    00513EUR2 0000006C642  031225M AELBRECHT BAPTISTE             COMPTE COURANT   0000000191598G
0430002130200513EUR2E0000006C642C204122500041225250644                           0000000000000000002037{2512042025120413
0530002    00513EUR2 0000006C642C2041225     NPYSILDERMA SARL
0530002    00513EUR2 0000006C642C2041225     LCC250644
0530002    00513EUR2 0000006C642C2041225     RCNNOTPROVIDED
0430002112400513EUR2E0000006C6422104122500041225VIR SEPA FITECO                  0000000000000000050732R1333812800000000
0530002    00513EUR2 0000006C64221041225     REF533850587428
0530002    00513EUR2 0000006C64221041225     LCCFACTURES EN COURS 2025
0730002    00513EUR2 0000006C642  041225                                                  0000000142902H
0130002    01143EUR2 0000071T515  031225AU COEUR DES BEBES MAISON MEDICA COMPTE COURANT   0000000351838B
0430002112401143EUR2E0000071T5152104122500041225VIR SEPA LANCEZEUX               0000000000000000020000}1333810800000000
0530002    01143EUR2 0000071T51521041225     REF533850906454
0530002    01143EUR2 0000071T51521041225     LCCSALAIRE LANCEZEUX
0430002111001143EUR2E0000071T5152104122500041225SALAIRE LANCEZEUX                0000000000000000015000}1300144101205504
0530002    01143EUR2 0000071T51521041225     LIBVIR.PERMANENT LANCEZEUX        99
0730002    01143EUR2 0000071T515  041225                                                  0000000316838B
0130002    01131EUR2 0000070G105  031225ME ACKER PAULINE EI              COMPTE COURANT   0000000045801G
0430002112601131EUR2E0000070G105B104122500041225PRLV SEPA ORANGE SA              0000000000000000000645}4020412000000329
0530002    01131EUR2 0000070G105B1041225     NBEORANGE SA
0530002    01131EUR2 0000070G105B1041225     IBEFR18ZZZ002305                      SEPA
0530002    01131EUR2 0000070G105B1041225     RUMM0046137674                        RCUR
0530002    01131EUR2 0000070G105B1041225     LCCVOTRE ABONNEMENT FIXE  01XXXXX244 (FACTURE  XXXXX2445I6) - P
0530002    01131EUR2 0000070G105B1041225     RCN164072244 640722445I679E
0430002100601131EUR2E0000070G1050204122500051225REM CHQ 00008CH 1138406 0000000  0000000000000000005300{0312512040113800
0730002    01131EUR2 0000070G105  041225                                                  0000000050456G
0130003    03702EUR2 00020336364  031225DR OLIVIER GROBOST               GASTRO ENTEROLOGU0000000243442F
0430003073003702EUR2 00020336364300412250004122504/12 R45422 CT3693710501        00454220 0000000003585FREMISE CB /
0530003    03702EUR2 0002033636430041225     LIBBT       360 00E COM     1 44E
0430003073003702EUR2 00020336364300412250004122503/12 R51666 CT3693710501        00516660 0000000003486{REMISE CB /
0530003    03702EUR2 0002033636430041225     LIBBT       350 00E COM     1 40E
0430003219003702EUR2 000203363641804122500041225SETTLEMENT 73GLOBAL IMPULSE      00000000 0000000001973E6584376093S
0530003    03702EUR2 0002033636418041225     NPYGLOBAL IMPULSE
0530003    03702EUR2 0002033636418041225     LCCSETTLEMENT 73708065 FOR 04/12/2025 FROM FR7617398000019393971166361
0530003    03702EUR2 0002033636418041225     RCNGIX0563677826CT
0430003432003702EUR2 00020336364B104122500041225PRELEVEMENT DVAL D'OISE HABITAT  08026520 0000000000579}6410802652
0530003    03702EUR2 00020336364B1041225     NBUVAL D'OISE HABITAT
0530003    03702EUR2 00020336364B1041225     IBEFR38ZZZ406823
0530003    03702EUR2 00020336364B1041225     LCCPRELEVEMENT DES ECHEANCES + CHARGES
0530003    03702EUR2 00020336364B1041225     RCN1-PREL-00-2666997-041225
0730003    03702EUR2 00020336364  041225                                                  0000000251908G
0130003    03708EUR2 00020786156  031225EL MANAR 2                       COMPTE COURANT   0000000467638D
0430003219003708EUR2 000207861561804122500041225VOS REF  3177DRFIP ILE DE FRANC  00000000 0000000034800{6487242983S
0530003    03708EUR2 0002078615618041225     NPYDRFIP ILE DE FRANCE ET DE PARIS
0530003    03708EUR2 0002078615618041225     NPOCENTRE DE GESTION FINANCIERE - 75
0530003    03708EUR2 0002078615618041225     LCCVOS REF  31775            NOS REF  FA EJ  2104881600 DP  2025 IDF1 010
0530003    03708EUR2 0002078615618041225     LC20313860 0750
0730003    03708EUR2 00020786156  041225                                                  0000000502438D
0130003    03983EUR2 00020107963  031225NORTRADE INTERNATIONAL           COMPTE COURANT EN0000000093984A
0430003500003983EUR2 00020107963C104122500041225000001 VIR INSTANTANE EMIS NET   17843400 0000000003171}583881784340
0530003    03983EUR2 00020107963C1041225     NBEREUTER EUROPE                       04 12 BQ BNPA CPT 00010754738
0530003    03983EUR2 00020107963C1041225     REF032025338228299400000000
0530003    03983EUR2 00020107963C1041225     RCNCOMMANDE 8646775
0530003    03983EUR2 00020107963C1041225     BDBBNPAFRPPXXX
0430003500003983EUR2 00020107963C104122500031225000001 VIR INSTANTANE EMIS NET   10097490 0000000023414L583781009749
0530003    03983EUR2 00020107963C1041225     NBEMR MYKHAILIUK VOLLODYMYR            04 12 BQ PSST CPT 5497387L033
0530003    03983EUR2 00020107963C1041225     REF032025337222830550000000
0530003    03983EUR2 00020107963C1041225     RCNSALAIRE NOVEMBRE 2025
0530003    03983EUR2 00020107963C1041225     BDBPSSTFRPPSCE
0430003661003983EUR2 000201079632804122500041225CARTE X1139 03/12 STATIOMT10HOR  00020000 0000000000010}O75
0430003661003983EUR2 000201079632804122500041225CARTE X1139 03/12 STATIOMT02HOR  00030000 0000000000030}O75
0430003661003983EUR2 000201079632804122500041225CARTE X1139 02/12 STATIONNEMENT  00010000 0000000000120}
0430003377003983EUR2 000201079630104122500031225CHEQUE    5488                   00054880 0000000009844L
0430003377003983EUR2 000201079630104122500031225CHEQUE    5487                   00054870 0000000012762M
0730003    03983EUR2 00020107963  041225                                                  0000000044632A
0130003    01962EUR2 00037282311  031225ELEKTROMENAGER BZH                                0000001733901F
0430003949001962EUR2 000372823112104122500041225000001 VIR EUROPEEN EMIS   NET   71155790 0000000014867P9533822816515
0530003    01962EUR2 0003728231121041225     NBECLOFF ROMAIN
0530003    01962EUR2 0003728231121041225     REF REMB ROMAIN ACHAT IKEA NEW BUREAU
0530003    01962EUR2 0003728231121041225     LCCREMB ROMAIN ACHAT IKEA NEW BUREAU
0530003    01962EUR2 0003728231121041225     BDBAGRIFRPP848
0730003    01962EUR2 00037282311  041225                                                  0000001719033I
0130003    04032EUR2 00020041924  031225CAUVALEX MANUTENTION             COMPTE COURANT   0000000087355A
0730003    04032EUR2 00020041924  041225                                                  0000000087355A
0130003    03983EUR2 00027006051  031225EURL PRARELO                     COMPTE COURANT   0000000119345A
0430003949003983EUR2 000270060512104122500041225000001 VIR EUROPEEN EMIS   NET   67493880 0000000001290K9533822741780
0530003    03983EUR2 0002700605121041225     NBEADELYA TERRE D'HYGIENE
0530003    03983EUR2 0002700605121041225     REF FACTURE 5SG25FV10131654
0530003    03983EUR2 0002700605121041225     LCCFACTURE 5SG25FV10131654
0530003    03983EUR2 0002700605121041225     BDBCMCIFRPP
0430003949003983EUR2 000270060512104122500041225000001 VIR EUROPEEN EMIS   NET   67488470 0000000004817O9533822737993
0530003    03983EUR2 0002700605121041225     NBELA COMPAGNIE DU MENAGE
0530003    03983EUR2 0002700605121041225     REF FACTURE FA3293
0530003    03983EUR2 0002700605121041225     LCCFACTURE FA3293
0530003    03983EUR2 0002700605121041225     BDBSOGEFRPP
0430003432003983EUR2 00027006051B104122500041225VOTRE ABONNEMORANGE SA           18196710 0000000001296}6201819671
0530003    03983EUR2 00027006051B1041225     NBEORANGE SA
0530003    03983EUR2 00027006051B1041225     IBEFR18ZZZ002305
0530003    03983EUR2 00027006051B1041225     LCCVOTRE ABONNEMENT FIXE  01XXXXX820 (FACTURE  XXXXX8205I6) - P
0530003    03983EUR2 00027006051B1041225     RCN148940820 489408205I679E
0730003    03983EUR2 00027006051  041225                                                  0000000111941C
0130003    03080EUR2 00037265481  03122501TE012782                 TE                     0000000019573F
0430003949003080EUR2 000372654812104122500041225000001 VIR EUROPEEN EMIS   NET   67515860 0000000002337N9533822754674
0530003    03080EUR2 0003726548121041225     NBEKTL
0530003    03080EUR2 0003726548121041225     REF FACTURE FA00000886
0530003    03080EUR2 0003726548121041225     LCCREPERAGE DE L'AMENEE D'AIR EN CAVE 169 RUE S. JACQUES
0530003    03080EUR2 0003726548121041225     BDBCMBRFR2BCME
0730003    03080EUR2 00037265481  041225                                                  0000000017236A
0130003    03980EUR2 00020084240  031225DR LAURENCE TRACQ                DOCTEUR LAURENCE 0000000089519E
0730003    03980EUR2 00020084240  041225                                                  0000000089519E
0130003    01652EUR2 00020402123  031225SCI EMPREINTES                   COMPTE COURANT   0000000135864E
0430003073001652EUR2 00020402123300412250004122504/12 R67326 CT3678886801        00673260 0000000002662CREMISE CB /
0530003    01652EUR2 0002040212330041225     LIBBT       267 17E COM     0 94E
0430003073001652EUR2 00020402123300412250004122504/12 R42235 CT3678886001        00422350 0000000000730DREMISE CB /
0530003    01652EUR2 0002040212330041225     LIBBT        73 30E COM     0 26E
0430003661001652EUR2 000204021232804122500041225CARTE X5635 03/12 EASYFLYER      00010000 0000000000182N
0530003    01652EUR2 0002040212328041225     LIBCOMMERCE ELECTRONIQUE
0730003    01652EUR2 00020402123  041225                                                  0000000139074G
0130002    00536EUR2 0000445U835  031225DE FI CO                                          0000000000000{
0730002    00536EUR2 0000445U835  041225                                                  0000000000000{
0130002    06243EUR2 0000071V153  031225TECHNIQUES ET NORMES DE COUVERT  COMPTE COURANT   0000000077331A
0730002    06243EUR2 0000071V153  041225                                                  0000000077331A
0130002    06243EUR2 0000070G506  031225SARL DERICE                      COMPTE COURANT   0000000494138A
0430002111706243EUR2E0000070G5063004122500041225REMISE CB NO 106121 DU 041225    0106121000000000006788D3902560783006106
0530002    06243EUR2 0000070G50630041225     LIBBRUT      681 50COM        2 6699
0430002111706243EUR2E0000070G5063004122500041225REMISE CB NO 106157 DU 041225    0106157000000000003564B3902560783006106
0530002    06243EUR2 0000070G50630041225     LIBBRUT      358 00COM        1 5899
0430002111206243EUR2E0000070G5061804122500041225ERF-TRD-0190443-02122025-1       0000000000000000000665G2015272100000000
0530002    06243EUR2 0000070G50618041225     NPYEDENRED FRANCE
0530002    06243EUR2 0000070G50618041225     LCCERF-TRD-0190443-02122025-1
0530002    06243EUR2 0000070G50618041225     RCNVSCT-TX-67636
0430002111206243EUR2E0000070G5061804122500041225VIR SEPA PLUXEE FRANCE           0000000000000000000236F2015283100000000
0530002    06243EUR2 0000070G50618041225     NPYPLUXEE FRANCE
0530002    06243EUR2 0000070G50618041225     RCNSOD-TRD-190443-30112025
0430002100806243EUR2E0000070G5060104122500041225CHQ. 7936550                     7936550000000000087747M0000000083000400
0730002    06243EUR2 0000070G506  041225                                                  0000000417645F
0130002    05688EUR2 0000070A762  031225SCI ACDB                         COMPTE COURANT   0000000053702H
0730002    05688EUR2 0000070A762  041225                                                  0000000053702H
0130002    00527EUR2 0000691S587  031225CR OPTIQUE                       COMPTE MUTUELLE  0000000074095G
0430002111200527EUR2E0000691S5871804122500041225VIREMENT CPAM HAUTS DE SEINE SE  0000000000000000003239C2015291200000000
0530002    00527EUR2 0000691S58718041225     NPYCPAM HAUTS DE SEINE SEPA
0530002    00527EUR2 0000691S58718041225     LCC0000009260569533369281251203
0530002    00527EUR2 0000691S58718041225     IPY0
0530002    00527EUR2 0000691S58718041225     RCN0000009260569533369281251203
0430002111200527EUR2E0000691S5871804122500041225VIREMENT CPAM 75 PRESTATIONS     0000000000000000000037H2015291200000000
0530002    00527EUR2 0000691S58718041225     NPYCPAM 75 PRESTATIONS
0530002    00527EUR2 0000691S58718041225     LCC0000009260569533362201251203
0530002    00527EUR2 0000691S58718041225     IPY0
0530002    00527EUR2 0000691S58718041225     RCN0000009260569533362201251203
0730002    00527EUR2 0000691S587  041225                                                  0000000077372H
0130002    00513EUR2 0000006W422  031225SCI DE SCHOTTERIE                COMPTE COURANT   0000000087042E
0430002112600513EUR2E0000006W422B104122500041225PRLV SEPA OVH SAS                0000000000000000000093N4020412000000327
0530002    00513EUR2 0000006W422B1041225     NBEOVH SAS
0530002    00513EUR2 0000006W422B1041225     IBEFR90ZZZ460983                      SEPA
0530002    00513EUR2 0000006W422B1041225     RUMCF108574-OVH-FR-1                  RCUR
0530002    00513EUR2 0000006W422B1041225     LCCPAYMENT FOR ORDER 239816355
0530002    00513EUR2 0000006W422B1041225     RCNTWLN38061252F
0730002    00513EUR2 0000006W422  041225                                                  0000000086949{
0130002    02359EUR2 0000117R690  031225STOORM                           CCE STOORM       0000000002881E
0730002    02359EUR2 0000117R690  041225                                                  0000000002881E
0130002    00629EUR2 0000007Q751  031225CR OPTIQUE                       COMPTE MUTUELLE  0000000213064{
0430002111200629EUR2E0000007Q7511804122500041225TP-20251203-GENERATION-95266592  0000000000000000005899A2015284800000000
0530002    00629EUR2 0000007Q75118041225     NPYGENERATION
0530002    00629EUR2 0000007Q75118041225     LCCTP-20251203-GENERATION-952665925-4013310010-7Q36
0530002    00629EUR2 0000007Q75118041225     RCN166664835
0430002104100629EUR2E0000007Q7511503122500041225REM CHQ 00001CH 2895738 0000000  0000000000000000003349A0322512030085800
0430002111200629EUR2E0000007Q7511804122500041225TP-20251204-SPSANT               0000000000000000002099A2015291200000000
0530002    00629EUR2 0000007Q75118041225     NPYCETIP CETIP
0530002    00629EUR2 0000007Q75118041225     LCCTP-20251204-SPSANT              -952665925-0000476776-7Q36-
0530002    00629EUR2 0000007Q75118041225     RCN006261-952665925
0430002111700629EUR2E0000007Q7513004122500041225REMISE CB NO 073341 DU 041225    0073341000000000000520{3902436753004073
0430002111700629EUR2E0000007Q7513004122500041225REMISE CB NO 073369 DU 041225    0073369000000000000330{3902436753004073
0430002112600629EUR2E0000007Q751B104122500041225PRLV SEPA KEYYO                  0000000000000000001264N4020412000000333
0530002    00629EUR2 0000007Q751B1041225     NBEKEYYO
0530002    00629EUR2 0000007Q751B1041225     IBEFR14ZZZ412978                      SEPA
0530002    00629EUR2 0000007Q751B1041225     RUMRU-DYM-UWL-MJA-PCV                 RCUR
0530002    00629EUR2 0000007Q751B1041225     LCCPRELEVEMENT KEYYO DU 2025-12-02
0530002    00629EUR2 0000007Q751B1041225     RCN5491-R-3447564
0430002607000629EUR2E0000007Q7516204122500041225COMMISSIONS SUR REMISE CB        0073369100000000000005L3922436753004073
0530002    00629EUR2 0000007Q75162041225     LIBNO 073369 DU 041225            99
0430002607000629EUR2E0000007Q7516204122500041225COMMISSIONS SUR REMISE CB        0073341100000000000002L3922436753004073
0530002    00629EUR2 0000007Q75162041225     LIBNO 073341 DU 041225            99
0430002100600629EUR2E0000007Q7510204122500051225REM CHQ 00001CH 2895739 0000000  0000000000000000005619A0312512040085800
0730002    00629EUR2 0000007Q751  041225                                                  0000000229608C
0130002    05688USD2 0000070M791  031225ARCI BOETIE                      COMPTE COURANT   0000000099160C
0730002    05688USD2 0000070M791  041225                                                  0000000099160C
0130002    06235EUR2 0000074C929  031225SARL MM AMENAGEMENT              COMPTE COURANT   0000000023104N
0430002111306235EUR2E0000074C9291804122500041225LOYER AOUT                       0000000000000000031400{1033722700000000
0530002    06235EUR2 0000074C92918041225     NPYBIOMEDISYST
0530002    06235EUR2 0000074C92918041225     LCCLOYER AOUT
0530002    06235EUR2 0000074C92918041225     RCNLOYER AOUT
0730002    06235EUR2 0000074C929  041225                                                  0000000008295E
0130002    06246EUR2 0000071N265  031225SC CAE                           COMPTE COURANT   0000000118416G
0430002111706246EUR2E0000071N2653004122500041225REMISE CB NO 112564 DU 041225    0112564000000000002345F3902900283004112
0430002111706246EUR2E0000071N2653004122500041225REMISE CB NO 112536 DU 041225    0112536000000000000615A3902900283004112
0430002607006246EUR2E0000071N2656204122500041225COMMISSIONS SUR REMISE CB        0112564100000000000026O3922900283004112
0530002    06246EUR2 0000071N26562041225     LIBNO 112564 DU 041225            99
0430002607006246EUR2E0000071N2656204122500041225COMMISSIONS SUR REMISE CB        0112536100000000000003P3922900283004112
0530002    06246EUR2 0000071N26562041225     LIBNO 112536 DU 041225            99
0730002    06246EUR2 0000071N265  041225                                                  0000000121347A
0130002    00441EUR2 0000375M583  031225EL MANAR 2                       COMPTE COURANT   0000000215521E
0730002    00441EUR2 0000375M583  041225                                                  0000000215521E
0130002    00470EUR2 0000445M754  031225ELEKTROMENAGER BZH                                0000000030201C
0430002130100470EUR2E0000445M754C103122500031225AC DEVIS-000126                  0000000000000000003000}2512032025120318
0530002    00470EUR2 0000445M754C1031225     NPYLD2011
0530002    00470EUR2 0000445M754C1031225     LCCAC DEVIS-000126
0530002    00470EUR2 0000445M754C1031225     RCNNOTPROVIDED
0430002111100470EUR2E0000445M7541804122500041225CT NCV LD2011 4 DEC              0000000000000000025000{1333812800000000
0530002    00470EUR2 0000445M75418041225     NPYNOUVELLE CARROSSERIE VERGNIAUD
0530002    00470EUR2 0000445M75418041225     LCCCT NCV LD2011 4 DEC
0530002    00470EUR2 0000445M75418041225     RCNNOTPROVIDED
0430002130100470EUR2E0000445M754C104122500041225SAL NOV                          0000000000000000031220R2512042025120410
0530002    00470EUR2 0000445M754C1041225     NPYLD2011
0530002    00470EUR2 0000445M754C1041225     LCCSAL NOV
0530002    00470EUR2 0000445M754C1041225     RCNNOTPROVIDED
0430002130100470EUR2E0000445M754C104122500041225NOTE DA DU 3/12/25 BB BALLON     0000000000000000007500}2512042025120410
0530002    00470EUR2 0000445M754C1041225     NPYLD2011
0530002    00470EUR2 0000445M754C1041225     LCCNOTE DA DU 3/12/25 BB BALLON
0530002    00470EUR2 0000445M754C1041225     RCNNOTPROVIDED
0730002    00470EUR2 0000445M754  041225                                                  0000000013480D
0130002    00441EUR2 0000375U083  031225INAYA BEAUTY                     COMPTE COURANT   0000000119660G
0730002    00441EUR2 0000375U083  041225                                                  0000000119660G