0118079    44255EUR2 02863280452  281125SIVASOORIYALINGAM SIVALOGINI     COMPTE COURANT   0000000139719C0000
0718079    44255EUR2 02863280452  301125                                                  0000000139719C
0118079    44255EUR2 02378420485  281125SCP MBA                          COMPTE COURANT   0000000142644A0000
0718079    44255EUR2 02378420485  301125                                                  0000000142644A
0118079    44255EUR2 02378470404  281125BREIZH EXOTIK EPICERIE                            0000001039099F0000
0718079    44255EUR2 02378470404  301125                                                  0000001039099F
0118079    75337EUR2 02150880432  281125DE FI CO                                          0000001925107{0000
0418079    75337EUR2E0215088043228291125  291125CARTE 28/11 LE SQUARE KG PARIS   00000000 0000000000600}MCC 5812 RESTAUR
0518079    75337EUR2 0215088043228291125     LIBMCC 5812 RESTAURA EUR     60 00
0518079    75337EUR2 0215088043228291125     LIB4971330005602162000
0718079    75337EUR2 02150880432  301125                                                  0000001924507{
0118079    44255EUR2 02378110471  281125CR OPTIQUE                       COMPTE COURANT   0000003942830A0000
0718079    44255EUR2 02378110471  301125                                                  0000003942830A