0118206    00355EUR2 58517721003  021225THEMA PLUS SARL               THEMA PLUS SARL     0000000395904F  232
0718206    00355EUR2 58517721003  031225        ------------------------------            0000000395904F
0118206    00377EUR2 65086158880  021225RENAUD MARYVONNE                                  0000000027691H  232
0418206005000377EUR2E65086158880B1031225  031225MACSF-ASSU-                      0000000000000000000371K
0518206    00377EUR2 65086158880B1031225     NBEMACSF-ASSU-
0518206    00377EUR2 65086158880B1031225     IBEFR10ZZZ611997                      SEPA
0518206    00377EUR2 65086158880B1031225     NPYMME JULIARD KAREN
0518206    00377EUR2 65086158880B1031225     REF303586930                          2025-12-02-08.46.23.874334Z
0518206    00377EUR2 65086158880B1031225     LCCPRELEVEMENT GLOBAL MACSF ASSURANCES
0518206    00377EUR2 65086158880B1031225     RUM00MACSF-ASSU-0000000000000000993490RCUR
0518206    00377EUR2 65086158880B1031225     CPYFR7618206003776508615088841
0718206    00377EUR2 65086158880  031225                                                  0000000027320F
0118206    00105EUR2 65005236294  021225MADIO                                             0000000015578B  232
0418206005000105EUR2E65005236294B1031225  031225VATTENFALL ENERGIES SA           0000000000000000001537M
0518206    00105EUR2 65005236294B1031225     NBEVATTENFALL ENERGIES SA
0518206    00105EUR2 65005236294B1031225     IBEFR77ZZZ455300                      SEPA
0518206    00105EUR2 65005236294B1031225     NPYDE PMEC
0518206    00105EUR2 65005236294B1031225     REF303517087                          P25119909--------------------------
0518206    00105EUR2 65005236294B1031225     LCCFACTURE P25119909 DE PMEC
0518206    00105EUR2 65005236294B1031225     RUM000000DEPMEC20241025122454072      RCUR
0518206    00105EUR2 65005236294B1031225     CPYFR7618206001056500523492601
0718206    00105EUR2 65005236294  031225                                                  0000000014040H
0118106    00011EUR2 96754418284  021225CAPCARRERE                       COMPTE COURANT   0000000017085H  232
0718106    00011EUR2 96754418284  031225        ------------------------------            0000000017085H
0118206    00105EUR2 65011268015  021225EURL PRARELO                     COMPTE COURANT   0000000370801D  232
0418206005000105EUR2E65011268015B1031225  031225APST BTP RP                      0000000000000000000600}
0518206    00105EUR2 65011268015B1031225     NBEAPST BTP RP
0518206    00105EUR2 65011268015B1031225     IBEFR42ZZZ564861                      SEPA
0518206    00105EUR2 65011268015B1031225     NPY0020980 P E M ARTEMIS PEINTURE
0518206    00105EUR2 65011268015B1031225     REF303498851                          T253360000428330
0518206    00105EUR2 65011268015B1031225     LCCFACTURE A-2510-13F4
0518206    00105EUR2 65011268015B1031225     RUMAPST-ADH-0020980-002               RCUR
0518206    00105EUR2 65011268015B1031225     CPYFR7618206001056501126510852
0418206000000105EUR2E6501126801505031225  031225VIR JINGHI 20251201 SG 3766 11   0000000100000000007200{
0518206    00105EUR2 6501126801505031225     NPYJINGHI
0518206    00105EUR2 6501126801505031225     NBEARTEMIS PEINTURE
0518206    00105EUR2 6501126801505031225     LCCFACTURE D ACOMPTE N- F-25111692
0518206    00105EUR2 6501126801505031225     RCN20251201 SG 3766 11
0518206    00105EUR2 6501126801505031225     LIBSOGEFRPPXXX
0518206    00105EUR2 6501126801505031225     MMOEUR200000000072000
0718206    00105EUR2 65011268015  031225                                                  0000000377401D
0117515RLV 00092EUR2 08500847725  021225PAGE STEPHIE DOMINIQUE           COMPTE COURANT   0000000308083{        DATALYS
0417515RLV 00092EUR2E0850084772506031225  031225VIR SEPA DELANOY MARC            92412550 0000000000265P
0517515    00092EUR2 0850084772506031225     LIBRBT FACTURE BUREAU VALLEE
0517515    00092EUR2 0850084772506031225     NPYCENTRE MUSICAL ET INITIATIVE
0517515    00092EUR2 0850084772506031225     REF201039782025 12 03 09.25.02.061424
0517515    00092EUR2 0850084772506031225     NBEDELANOY MARC
0417515RLV 00092EUR2E0850084772562031225  031225* 0000024 MVT(S) VIR             91361171 0000000000036}
0417515RLV 00092EUR2E0850084772562031225  031225*ABO CE NET REMISES              91260101 0000000000115P
0717515RLV 00092EUR2 08500847725  031225                                                  0000000307665F
0118206    00218EUR2 53554641009  021225EKITE                            CCE EKITE        0000000568584G  232
0418206000000218EUR2E5355464100905031225  031225VIR MGEN 0000009580827373306561  1251127100000000000300{
0518206    00218EUR2 5355464100905031225     NPYMGEN
0518206    00218EUR2 5355464100905031225     NBEJULIEN MARIE
0518206    00218EUR2 5355464100905031225     LCC0000009580827373306561251127
0518206    00218EUR2 5355464100905031225     RCN0000009580827373306561251127
0518206    00218EUR2 5355464100905031225     LIBBNPAFRPPXXX
0518206    00218EUR2 5355464100905031225     MMOEUR200000000003000
0418206000000218EUR2E5355464100905031225  031225VIR CPAM HAUTS DE SEINE SEPA 00  1251202100000000000300{
0518206    00218EUR2 5355464100905031225     NPYCPAM HAUTS DE SEINE SEPA
0518206    00218EUR2 5355464100905031225     NBEJULIEN MARIE
0518206    00218EUR2 5355464100905031225     LCC0000009580827373359281251202
0518206    00218EUR2 5355464100905031225     RCN0000009580827373359281251202
0518206    00218EUR2 5355464100905031225     LIBBREDFRPPXXX
0518206    00218EUR2 5355464100905031225     MMOEUR200000000003000
0418206000000218EUR2E5355464100905031225  031225VIR CPAM DU VAL D OISE 00000095  0251202100000000000300{
0518206    00218EUR2 5355464100905031225     NPYCPAM DU VAL D OISE
0518206    00218EUR2 5355464100905031225     NBEJULIEN MARIE
0518206    00218EUR2 5355464100905031225     LCC0000009580827373358500251202
0518206    00218EUR2 5355464100905031225     RCN0000009580827373358500251202
0518206    00218EUR2 5355464100905031225     LIBBREDFRPPXXX
0518206    00218EUR2 5355464100905031225     MMOEUR200000000003000
0718206    00218EUR2 53554641009  031225                                                  0000000569484G
0118206    00130EUR2 65016397705  021225SOCIETE CIVILE IMMOBILIERE IREM  COMPTE COURANT   0000000428823F  232
0718206    00130EUR2 65016397705  031225        ------------------------------            0000000428823F
0118206    00130EUR2 47457671008  021225EIRL M ZHANG MARC                COMPTE COURANT   0000004208611D  232
0418206005000130EUR2E47457671008B1031225  031225ELECTRICITE DE FRANCE            0000000000000000008793Q
0518206    00130EUR2 47457671008B1031225     NBEELECTRICITE DE FRANCE
0518206    00130EUR2 47457671008B1031225     IBEFR47EDF001007                      SEPA
0518206    00130EUR2 47457671008B1031225     NPYMONSIEUR CHALAMBERT CHRISTIAN
0518206    00130EUR2 47457671008B1031225     REF303316568                          I0001621406906
0518206    00130EUR2 47457671008B1031225     LCCGARAGE DES ECOLES        REF EDF 6860712306 RUM ++MA3400470592   2025-
0518206    00130EUR2 47457671008B1031225     LC212-03
0518206    00130EUR2 47457671008B1031225     RUM++MA3400470592                     RCUR
0518206    00130EUR2 47457671008B1031225     CPYFR7618206001304745767800127
0418206000000130EUR2E4745767100805031225  031225VIR TEMSYS 1506168               1506168100000000007243A
0518206    00130EUR2 4745767100805031225     NPYTEMSYS
0518206    00130EUR2 4745767100805031225     NBEGARAGE DES ECOLES
0518206    00130EUR2 4745767100805031225     LCC176592 176546
0518206    00130EUR2 4745767100805031225     RCN1506168
0518206    00130EUR2 4745767100805031225     LIBSOGEFRPPXXX
0518206    00130EUR2 4745767100805031225     MMOEUR200000000072431
0418206000400130EUR2E4745767100830031225  031225CARTE 1073935 001 973846 02/12   0000000100000000001743A
0418206005800130EUR2E4745767100862031225  031225CARTE 1073935 001 973846 02/12   0000000100000000000004M
0418206000400130EUR2E4745767100830031225  031225CARTE 5941175 003 038255 03/12   0000000100000000042533G
0418206005800130EUR2E4745767100862031225  031225CARTE 5941175 003 038255 03/12   0000000100000000000106L
0418206000000130EUR2E4745767100805031225  031225VIR AUFFRET PASCAL B FACT 17690  0000000100000000002614I
0518206    00130EUR2 4745767100805031225     NPYAUFFRET PASCAL B
0518206    00130EUR2 4745767100805031225     NBEGARAGE DES ECOLES
0518206    00130EUR2 4745767100805031225     RCNFACT 176903
0518206    00130EUR2 4745767100805031225     LIBBNPAFRPPXXX
0518206    00130EUR2 4745767100805031225     MMOEUR200000000026149
0718206    00130EUR2 47457671008  031225                                                  0000004253841G
0118206    00355EUR2 65044069973  021225SNC PERE ET FILS                 COMPTE COURANT   0000000003484I  232
0418206007500355EUR2E6504406997308021225  051225ASSU. CAAE PRET PROFESSION.12/2  0000000100000000000073R
0418206000000355EUR2E6504406997305031225  031225VIR SWILE SWILE TRANSFER-21323-  8046505100000000000144I
0518206    00355EUR2 6504406997305031225     NPYSWILE
0518206    00355EUR2 6504406997305031225     IPYFR67824012173                      TAXIDNB
0518206    00355EUR2 6504406997305031225     NBESARL VIN SUR VIN
0518206    00355EUR2 6504406997305031225     RCNSWILE TRANSFER-21323-8046505
0518206    00355EUR2 6504406997305031225     LIBBNPAFRPPXXX
0518206    00355EUR2 6504406997305031225     MMOEUR200000000001449
0418206002600355EUR2E65044069973C1031225  031225VIR INST VERS JULES THOMAS       0000000000000000002327K
0518206    00355EUR2 65044069973C1031225     NPYS.A.R.L. VIN SUR VIN
0518206    00355EUR2 65044069973C1031225     NBEJULES THOMAS
0518206    00355EUR2 65044069973C1031225     REF                                   116FC0245E06451F899E79C0F5ACB931
0518206    00355EUR2 65044069973C1031225     CBEFR7617598000010000452470005
0418206004400355EUR2E6504406997301031225  031225CHEQUE NO 2512221                2512221000000000006180O
0718206    00355EUR2 65044069973  031225                                                  0000000004951R
0118206    00105EUR2 31536761000  021225AP LESAGE                        COMPTE COURANT   0000000029267B  232
0718206    00105EUR2 31536761000  031225        ------------------------------            0000000029267B
0118206    00062EUR2 23356891003  021225SCI GJMF 2                    SCI GJMF 2          0000000031580C  232
0718206    00062EUR2 23356891003  031225        ------------------------------            0000000031580C