0110207    00233EUR2 23219872262  281125THEMA PLUS SARL               THEMA PLUS SARL     0000000798254I
0410207020600233EUR2E2321987226211011225  281125REMISE CB                        0310926000000000004529IBRUT      462 00
0510207    00233EUR2 2321987226211011225     LIBBRUT      462 00E - COM    9 01E
0510207    00233EUR2 2321987226211011225     LIB                - NB0001/138926
0510207    00233EUR2 2321987226211011225     LIBREMISE CB 5111479014
0410207020600233EUR2E2321987226211011225  011225REMISE CB                        0804689000000000011159GBRUT    1 135 00
0510207    00233EUR2 2321987226211011225     LIBBRUT    1 135 00E - COM   19 03E
0510207    00233EUR2 2321987226211011225     LIB                - NB0003/150689
0510207    00233EUR2 2321987226211011225     LIBREMISE CB 5111478010
0410207020600233EUR2E2321987226211011225  011225REMISE CB                        0311675000000000029415{BRUT    3 000 00
0510207    00233EUR2 2321987226211011225     LIBBRUT    3 000 00E - COM   58 50E
0510207    00233EUR2 2321987226211011225     LIB                - NB0001/138675
0510207    00233EUR2 2321987226211011225     LIBREMISE CB 5111479014
0410207020600233EUR2E2321987226211011225  011225REMISE CB                        0805165000000000017018EBRUT    1 729 00
0510207    00233EUR2 2321987226211011225     LIBBRUT    1 729 00E - COM   27 15E
0510207    00233EUR2 2321987226211011225     LIB                - NB0003/149165
0510207    00233EUR2 2321987226211011225     LIBREMISE CB 5111478010
0410207075100233EUR2E2321987226299011225  221125REGUL VERST ESP                  6301485000000000000100{EXCEDENT 1X10
0510207    00233EUR2 2321987226299011225     LIBEXCEDENT 1X10
0510207    00233EUR2 2321987226299011225     LIBDIFFERENCE VRST ESPECES
0710207    00233EUR2 23219872262  011225                                                  0000000860478{
0118707    00035EUR2 09521723538  281125SCI DC                           COMPTE COURANT   0000000669783B
0418707052400035EUR2E0952172353862011225  281125FRAIS                            0024757000000000000002LXCMIS001 2025112
0518707    00035EUR2 0952172353862011225     LIBXCMIS001 2025112800024757000001
0518707    00035EUR2 0952172353862011225     LIB                I253320000608233
0518707    00035EUR2 0952172353862011225     LIBFR REMISE VIREMENT
0418707007800035EUR2E0952172353805011225  291125VIREMENT                         1540206100000000200000{V             CO
0518707    00035EUR2 0952172353805011225     LIBVIREMENT VERS COMPTE COURANT
0518707    00035EUR2 0952172353805011225     LIBVIREMENT OZ CONSULTING
0418707050500035EUR2E0952172353805011225  011225VIREMENT SEPA                    F9TBDOQ100000001051261B
0518707    00035EUR2 0952172353805011225     LIBVIREMENT ANTIN RESIDENCE
0518707    00035EUR2 0952172353805011225     MMOEUR2000000105126120000000000000
0518707    00035EUR2 0952172353805011225     NPYANTIN RESIDENCES
0518707    00035EUR2 0952172353805011225     NBEOZ CONSULTING
0518707    00035EUR2 0952172353805011225     RCNVIRATR460928
0418707022100035EUR2E0952172353807011225  301125LCR DOMICILIEE                   0620144100000000009043OECH 30/11/25
0518707    00035EUR2 0952172353807011225     LIBECH 30/11/25
0518707    00035EUR2 0952172353807011225     LIBLCR POINT.P - POINT P ID
0418707022100035EUR2E0952172353807011225  301125LCR DOMICILIEE                   0620145100000000005655M
0518707    00035EUR2 0952172353807011225     LIBLCR CEDEO - D.S.C.  3011
0418707022100035EUR2E0952172353807011225  301125LCR DOMICILIEE                   0620146100000000050807LREF TIRE 9270
0518707    00035EUR2 0952172353807011225     LIBREF TIRE 9270
0518707    00035EUR2 0952172353807011225     LIBLCR REXEL FRANCE    3011
0418707022100035EUR2E0952172353807011225  301125LCR DOMICILIEE                   0677171100000000000592PREF TIRE F251040
0518707    00035EUR2 0952172353807011225     LIBREF TIRE F251040496
0518707    00035EUR2 0952172353807011225     LIBLCR CLAREO          3011
0418707022100035EUR2E0952172353807011225  301125LCR DOMICILIEE                   0677172100000000000441MREF TIRE F251039
0518707    00035EUR2 0952172353807011225     LIBREF TIRE F251039942
0518707    00035EUR2 0952172353807011225     LIBLCR CLAREO          3011
0418707022100035EUR2E0952172353807011225  301125LCR DOMICILIEE                   0677173100000000003160MREF TIRE 6045131
0518707    00035EUR2 0952172353807011225     LIBREF TIRE 6045131200
0518707    00035EUR2 0952172353807011225     LIBLCR LMS             3011
0418707022100035EUR2E0952172353807011225  301125LCR DOMICILIEE                   0677174100000000045707}REF TIRE F251040
0518707    00035EUR2 0952172353807011225     LIBREF TIRE F251040152
0518707    00035EUR2 0952172353807011225     LIBLCR CLAREO          3011
0418707022100035EUR2E0952172353807011225  301125LCR DOMICILIEE                   0677175100000000014148MREF TIRE 5100751
0518707    00035EUR2 0952172353807011225     LIBREF TIRE 51007515
0518707    00035EUR2 0952172353807011225     LIBLCR STE LEGALLAIS   3011
0418707050900035EUR2E0952172353806011225  011225VIR SEPA TELETR                  0GKY1Q4100000000200934LSALAIRES OZ NOVE
0518707    00035EUR2 0952172353806011225     LIBSALAIRES OZ NOVEMBRE
0518707    00035EUR2 0952172353806011225     LIBABSI253340000081156
0518707    00035EUR2 0952172353806011225     LIBVIR REMISE
0418707052300035EUR2E0952172353806011225  011225SEPA INTERNET                    3896576100000000001080}LEROY-FRAIS NOVE
0518707    00035EUR2 0952172353806011225     LIBLEROY-FRAIS NOVEMBRE-OZ
0518707    00035EUR2 0952172353806011225     LIBLEROY-FRAIS NOVEMBRE-OZ
0518707    00035EUR2 0952172353806011225     LIBVIR LEROY MARIE
0418707052300035EUR2E0952172353806011225  011225SEPA INTERNET                    4031744100000000012166LSFIC-FA3427365-O
0518707    00035EUR2 0952172353806011225     LIBSFIC-FA3427365-OZ
0518707    00035EUR2 0952172353806011225     LIBSFIC-FA3427365-OZ
0518707    00035EUR2 0952172353806011225     LIBVIR SFIC
0418707050900035EUR2E0952172353806011225  011225VIR SEPA TELETR                  0GKY545100000000002232}RECYCLEUR 01/12/
0518707    00035EUR2 0952172353806011225     LIBRECYCLEUR 01/12/2025
0518707    00035EUR2 0952172353806011225     LIBABSI253350000587931
0518707    00035EUR2 0952172353806011225     LIBVIR REMISE
0418707050900035EUR2E0952172353806011225  011225VIR SEPA TELETR                  0GKY77Z100000000210467NFOURNISSEUR 3011
0518707    00035EUR2 0952172353806011225     LIBFOURNISSEUR 30112025
0518707    00035EUR2 0952172353806011225     LIBABSI253350001387280
0518707    00035EUR2 0952172353806011225     LIBVIR REMISE
0718707    00035EUR2 09521723538  011225                                                  0000001364605H
0110207    00159EUR2 22219159748  281125L'EPICURIEN                      COMPTE COURANT   0000001175223A
0410207022600159EUR2E2221915974891011225  291125ECHEANCE PRET                    8804125000000000010774QDONT CAP   1052
0510207    00159EUR2 2221915974891011225     LIBDONT CAP   1052 78 ASS.    0 00E
0510207    00159EUR2 2221915974891011225     LIB     INT.     7 13 COM.   17 57E
0410207050500159EUR2E2221915974805011225  011225EUROVIREMENT                     F9TB2EZ000000000004290{R   FA1888 F
0510207    00159EUR2 2221915974805011225     LIBREF FA1888 FOUR COUVERTURE BOSQU
0510207    00159EUR2 2221915974805011225     LIBET DATE 20 11 2025
0510207    00159EUR2 2221915974805011225     LIBEVI SDC 12 RUE GRANGE BA
0510207    00159EUR2 2221915974805011225     MMOEUR2000000000429000000000000000
0510207    00159EUR2 2221915974805011225     NPYSDC 12 RUE GRANGE BATELIERE
0510207    00159EUR2 2221915974805011225     NBECOUVERTURE BOSQUET
0510207    00159EUR2 2221915974805011225     LCCREF FA1888 FOUR COUVERTURE BOSQUET DATE 20 11 2025
0510207    00159EUR2 2221915974805011225     RCN557D7709BCE745D087E6865228485F0A
0410207050500159EUR2E2221915974805011225  011225EUROVIREMENT                     F9TBPZZ000000000005720{SYNDIXIS SDC 68
0510207    00159EUR2 2221915974805011225     LIBSYNDIXIS SDC 68 RUE PIERRE BROSS
0510207    00159EUR2 2221915974805011225     LIBOLETTE
0510207    00159EUR2 2221915974805011225     LIBEVI SYNDIXIS
0510207    00159EUR2 2221915974805011225     MMOEUR2000000000572000000000000000
0510207    00159EUR2 2221915974805011225     NPYSYNDIXIS
0510207    00159EUR2 2221915974805011225     NBECOUVERTURE BOSQUET
0510207    00159EUR2 2221915974805011225     LCCSYNDIXIS SDC 68 RUE PIERRE BROSSOLETTE
0510207    00159EUR2 2221915974805011225     RCNC90100040602202511281212570973
0410207022100159EUR2E2221915974807011225  291125LCR DOMICILIEE                   3213192100000000213323MECH 30/11/25
0510207    00159EUR2 2221915974807011225     LIBECH 30/11/25
0510207    00159EUR2 2221915974807011225     LIBPOINT.P - POINT P IDF
0410207053700159EUR2E2221915974808011225  011225EUROPRELEVEMENT                  09XSJZB100000000005926MECHEANCE 01.12.
0510207    00159EUR2 2221915974808011225     LIBECHEANCE 01.12. 6000116777 COUVE
0510207    00159EUR2 2221915974808011225     LIB6000116777
0510207    00159EUR2 2221915974808011225     LIBPRLV SEPA CA AUTO BANK F
0410207021400159EUR2E2221915974811011225  011225FACTURE CB                       FF6T8DI100000000000015}VOIRIESTGRATIENF
0510207    00159EUR2 2221915974811011225     LIBVOIRIESTGRATIENFR 95ST GRATIEN
0510207    00159EUR2 2221915974811011225     LIB1 50EUR 1 EURO   1 000000
0510207    00159EUR2 2221915974811011225     LIB281125 CB****1795
0410207021400159EUR2E2221915974811011225  011225FACTURE CB                       FF6T8DJ100000000000348}CLOS DU CHATEAUF
0510207    00159EUR2 2221915974811011225     LIBCLOS DU CHATEAUFR ST GRATIEN
0510207    00159EUR2 2221915974811011225     LIB34 80EUR 1 EURO   1 000000
0510207    00159EUR2 2221915974811011225     LIB271125 CB****1795
0410207021400159EUR2E2221915974811011225  011225FACTURE CB                       FF6T8DK100000000000438}CLOS DU CHATEAUF
0510207    00159EUR2 2221915974811011225     LIBCLOS DU CHATEAUFR ST GRATIEN
0510207    00159EUR2 2221915974811011225     LIB43 80EUR 1 EURO   1 000000
0510207    00159EUR2 2221915974811011225     LIB281125 CB****1795
0410207052300159EUR2E2221915974806011225  011225EVI OCCAS CYBER                  3534622100000000044924QC1472056
0510207    00159EUR2 2221915974806011225     LIBC1472056
0510207    00159EUR2 2221915974806011225     LIBSALAIRE DECEMBRE 2025
0510207    00159EUR2 2221915974806011225     LIBEVI M. FRANCOIS BAGUET
0410207052300159EUR2E2221915974806011225  011225EVI OCCAS CYBER                  3534786100000000018631QC1472056
0510207    00159EUR2 2221915974806011225     LIBC1472056
0510207    00159EUR2 2221915974806011225     LIBSALAIRE DECEMBRE 2025
0510207    00159EUR2 2221915974806011225     LIBEVI M. DAVID BOERHAVE
0410207052300159EUR2E2221915974806011225  011225EVI OCCAS CYBER                  3534884100000000020059}C1472056
0510207    00159EUR2 2221915974806011225     LIBC1472056
0510207    00159EUR2 2221915974806011225     LIBSALAIRE DECEMBRE 2025
0510207    00159EUR2 2221915974806011225     LIBEVI M. ALEXIS COLLART
0410207052300159EUR2E2221915974806011225  011225EVI OCCAS CYBER                  3534975100000000024417RC1472056
0510207    00159EUR2 2221915974806011225     LIBC1472056
0510207    00159EUR2 2221915974806011225     LIBSALAIRE DECEMBRE 2025
0510207    00159EUR2 2221915974806011225     LIBEVI M. JEAN-YVES DIETTE
0410207052300159EUR2E2221915974806011225  011225EVI OCCAS CYBER                  3535036100000000035000}C1472056
0510207    00159EUR2 2221915974806011225     LIBC1472056
0510207    00159EUR2 2221915974806011225     LIBDECEMBRE 2025
0510207    00159EUR2 2221915974806011225     LIBEVI JULIEN BOSQUET
0410207050500159EUR2E2221915974805011225  011225EUROVIREMENT                     FERV39V000000000005830{LE CLOS DES VIGN
0510207    00159EUR2 2221915974805011225     LIBLE CLOS DES VIGNES FA1858
0510207    00159EUR2 2221915974805011225     LIBEVI SYNDICAT LE CLOS DES
0510207    00159EUR2 2221915974805011225     MMOEUR2000000000583000000000000000
0510207    00159EUR2 2221915974805011225     NPYSYNDICAT LE CLOS DES VIGNES
0510207    00159EUR2 2221915974805011225     NBECOUVERTURE BOSQUET
0510207    00159EUR2 2221915974805011225     LCCLE CLOS DES VIGNES FA1858
0510207    00159EUR2 2221915974805011225     RCNE2E-692B675D9A09AFE263B18AC2
0410207021400159EUR2E2221915974811011225  011225FACTURE CB                       FF731Z5100000000000007}HORODAT ML PBPHF
0510207    00159EUR2 2221915974811011225     LIBHORODAT ML PBPHFR 78MAISONSLAF
0510207    00159EUR2 2221915974811011225     LIB0 70EUR 1 EURO   1 000000
0510207    00159EUR2 2221915974811011225     LIB291125 CB****1795
0710207    00159EUR2 22219159748  011225                                                  0000000817197{
0110107    00211EUR2 00014025586  281125** PAS DE MOUVEMENT CE JOUR **                    0000000051705C
0710107    00211EUR2 00014025586  011225                                                  0000000051705C
0110207    00220EUR2 23213326585  281125EMON RESTAURANT DU LAC B         COMPTE COURANT   0000000028982I
0410207050500220EUR2E2321332658505011225  011225EUROVIREMENT                     F9TA91A000000000001305BERF-TRD-2108129-
0510207    00220EUR2 2321332658505011225     LIBERF-TRD-2108129-25112025-1
0510207    00220EUR2 2321332658505011225     LIBEVI EDENRED FRANCE
0510207    00220EUR2 2321332658505011225     MMOEUR2000000000130520000000000000
0510207    00220EUR2 2321332658505011225     NPYEDENRED FRANCE
0510207    00220EUR2 2321332658505011225     NBESARL MAISON VASSEUR
0510207    00220EUR2 2321332658505011225     LCCERF-TRD-2108129-25112025-1
0510207    00220EUR2 2321332658505011225     RCNVSCT-TX-50893
0410207020600220EUR2E2321332658511011225  011225REMISE CB                        0491697000000000000245FBRUT       24 70
0510207    00220EUR2 2321332658511011225     LIBBRUT       24 70E - COM    0 14E
0510207    00220EUR2 2321332658511011225     LIB                - NB0005/150697
0510207    00220EUR2 2321332658511011225     LIBREMISE CB 5031496013
0410207020600220EUR2E2321332658511011225  011225REMISE CB                        0492634000000000003726IBRUT      374 62
0510207    00220EUR2 2321332658511011225     LIBBRUT      374 62E - COM    1 93E
0510207    00220EUR2 2321332658511011225     LIB                - NB0076/150634
0510207    00220EUR2 2321332658511011225     LIBREMISE CB 5031496013
0410207020600220EUR2E2321332658511011225  011225REMISE CB                        0493887000000000002978CBRUT      299 33
0510207    00220EUR2 2321332658511011225     LIBBRUT      299 33E - COM    1 50E
0510207    00220EUR2 2321332658511011225     LIB                - NB0050/147887
0510207    00220EUR2 2321332658511011225     LIBREMISE CB 5031496013
0410207053700220EUR2E2321332658508011225  011225EUROPRELEVEMENT                  09XIIDJ100000000001584}09323439
0510207    00220EUR2 2321332658508011225     LIB09323439 CLIENT 01.12.25-31.12.2
0510207    00220EUR2 2321332658508011225     LIB09323439
0510207    00220EUR2 2321332658508011225     LIBPRLV SEPA GRENKE LOCATIO
0410207020600220EUR2E2321332658511011225  011225REMISE CB                        0494554000000000002336IBRUT      234 74
0510207    00220EUR2 2321332658511011225     LIBBRUT      234 74E - COM    1 05E
0510207    00220EUR2 2321332658511011225     LIB                - NB0050/109554
0510207    00220EUR2 2321332658511011225     LIBREMISE CB 5031496013
0410207020600220EUR2E2321332658511011225  011225REMISE CB                        0495120000000000000036HBRUT        3 70
0510207    00220EUR2 2321332658511011225     LIBBRUT        3 70E - COM    0 02E
0510207    00220EUR2 2321332658511011225     LIB                - NB0001/109120
0510207    00220EUR2 2321332658511011225     LIBREMISE CB 5031496013
0410207021400220EUR2E2321332658511011225  011225FACTURE CB                       FF6T5EC100000000000800}TOTAL          F
0510207    00220EUR2 2321332658511011225     LIBTOTAL          FR 95FOSSES
0510207    00220EUR2 2321332658511011225     LIB80 00EUR 1 EURO   1 000000
0510207    00220EUR2 2321332658511011225     LIB281125 CB****5968
0710207    00220EUR2 23213326585  011225                                                  0000000037228F
0110207    00159EUR2 21211275755  281125PAGE STEPHIE DOMINIQUE           COMPTE COURANT   0000017749387A
0410207050500159EUR2E2121127575505011225  011225EUROVIREMENT                     F9T9GW5000000000008800{R   FB2231 F
0510207    00159EUR2 2121127575505011225     LIBREF FB2231 FOUR ENERPUR ETANCHEI
0510207    00159EUR2 2121127575505011225     LIBTE     DATE 27 11 2025
0510207    00159EUR2 2121127575505011225     LIBEVI SDC 10 RUE DE BELFOR
0510207    00159EUR2 2121127575505011225     MMOEUR2000000000880000000000000000
0510207    00159EUR2 2121127575505011225     NPYSDC 10 RUE DE BELFORT
0510207    00159EUR2 2121127575505011225     NBESARL ENERPUR ETANCHEITE
0510207    00159EUR2 2121127575505011225     LCCREF FB2231 FOUR ENERPUR ETANCHEITE     DATE 27 11 2025
0510207    00159EUR2 2121127575505011225     RCNC0BA2B04375B4AAB889B1C3FF2695FDB
0410207022100159EUR2E2121127575507011225  291125LCR DOMICILIEE                   3231077100000000009694PREF TIRE 00ENERP
0510207    00159EUR2 2121127575507011225     LIBREF TIRE 00ENERPURE
0510207    00159EUR2 2121127575507011225     LIB     ORVIF      301125
0410207022100159EUR2E2121127575507011225  291125LCR DOMICILIEE                   3198152100000000020370}
0510207    00159EUR2 2121127575507011225     LIBP.S.D.          301125
0410207022100159EUR2E2121127575507011225  291125LCR DOMICILIEE                   3198153100000000044633}ECH 30/11/25
0510207    00159EUR2 2121127575507011225     LIBECH 30/11/25
0510207    00159EUR2 2121127575507011225     LIBPOINT.P - POINT P IDF
0410207022100159EUR2E2121127575507011225  291125LCR DOMICILIEE                   3198156100000000012528QREF TIRE A043326
0510207    00159EUR2 2121127575507011225     LIBREF TIRE A04332641
0510207    00159EUR2 2121127575507011225     LIBLOXAM RENTAL FR 301125
0410207022100159EUR2E2121127575507011225  291125LCR DOMICILIEE                   3248121100000000005250}REF TIRE 1283955
0510207    00159EUR2 2121127575507011225     LIBREF TIRE 1283955
0510207    00159EUR2 2121127575507011225     LIBZOLPAN          301125
0410207022100159EUR2E2121127575507011225  291125LCR DOMICILIEE                   3248113100000000174449L
0510207    00159EUR2 2121127575507011225     LIBSA KILOUTOU     301125
0410207022100159EUR2E2121127575507011225  291125LCR DOMICILIEE                   3248114100000000313875K
0510207    00159EUR2 2121127575507011225     LIBROOFMART IDF    301125
0410207022100159EUR2E2121127575507011225  291125LCR DOMICILIEE                   3248115100000000039898R
0510207    00159EUR2 2121127575507011225     LIBSA KILOUTOU     301125
0410207022100159EUR2E2121127575507011225  291125LCR DOMICILIEE                   3248116100000000011275P
0510207    00159EUR2 2121127575507011225     LIBROOFMART IDF    301125
0410207022100159EUR2E2121127575507011225  291125LCR DOMICILIEE                   3248117100000000000456QECH 30/11/25
0510207    00159EUR2 2121127575507011225     LIBECH 30/11/25
0510207    00159EUR2 2121127575507011225     LIBPOINT.P - TROUILLARD
0410207022100159EUR2E2121127575507011225  291125LCR DOMICILIEE                   3248118100000000166302RECH 30/11/25
0510207    00159EUR2 2121127575507011225     LIBECH 30/11/25
0510207    00159EUR2 2121127575507011225     LIBSA   ATELIERS LR ETANCO
0410207022100159EUR2E2121127575507011225  291125LCR DOMICILIEE                   3248119100000000002218NREF TIRE 0000000
0510207    00159EUR2 2121127575507011225     LIBREF TIRE 0000000000 ECH 30/11/25
0510207    00159EUR2 2121127575507011225     LIBS.A.R.L. CIFFREO   BONA
0410207053700159EUR2E2121127575508011225  011225EUROPRELEVEMENT                  09XSGST100000000003851MCNRO 69904490.15
0510207    00159EUR2 2121127575508011225     LIBCNRO 69904490.1500907 DU 301125
0510207    00159EUR2 2121127575508011225     LIBRU1E004319317K
0510207    00159EUR2 2121127575508011225     LIBPRLV SEPA PROBTP ADP-ASS
0410207053700159EUR2E2121127575508011225  011225EUROPRELEVEMENT                  09XSHXG100000000004890KCNRO 71080466.67
0510207    00159EUR2 2121127575508011225     LIBCNRO 71080466.6762189 DU 301125
0510207    00159EUR2 2121127575508011225     LIB  1E000153282L
0510207    00159EUR2 2121127575508011225     LIBPRLV SEPA PROBTP FORMATI
0410207053700159EUR2E2121127575508011225  011225EUROPRELEVEMENT                  09XPYAN100000000004293N406-6243342-3140
0510207    00159EUR2 2121127575508011225     LIB406-6243342-3140335 AMZN MKTP FR
0510207    00159EUR2 2121127575508011225     LIBIDH(9RNZ D5T0F5I WAAJCIHR6T(8W
0510207    00159EUR2 2121127575508011225     LIBPRLV SEPA AMAZON PAYMENT
0410207053700159EUR2E2121127575508011225  011225EUROPRELEVEMENT                  09XZI5G100000000003631RESSO CARDP010755
0510207    00159EUR2 2121127575508011225     LIBESSO CARDP01075536
0510207    00159EUR2 2121127575508011225     LIBFRAT000008130
0510207    00159EUR2 2121127575508011225     LIBPRLV SEPA WEX EUROPE SER
0410207053700159EUR2E2121127575508011225  011225EUROPRELEVEMENT                  09XSSL8100000000002436RRUM XX300800834S
0510207    00159EUR2 2121127575508011225     LIBRUM XX300800834SEPA/ICS FR36ZZZ8
0510207    00159EUR2 2121127575508011225     LIBXX300800834SEPA
0510207    00159EUR2 2121127575508011225     LIBPRLV SEPA FRANCILIANE
0410207053700159EUR2E2121127575508011225  011225EUROPRELEVEMENT                  09XSR8Y100000000007234}CNRO 69821973.82
0510207    00159EUR2 2121127575508011225     LIBCNRO 69821973.8200649 DU 301125
0510207    00159EUR2 2121127575508011225     LIBRU1E004326846U
0510207    00159EUR2 2121127575508011225     LIBPRLV SEPA PROBTP ADP-ASS
0410207053700159EUR2E2121127575508011225  011225EUROPRELEVEMENT                  09XCPBY100000000000180}PRELEVEMENT LOCA
0510207    00159EUR2 2121127575508011225     LIBPRELEVEMENT LOCAM  PARTENAIRE DE
0510207    00159EUR2 2121127575508011225     LIBLD160126120210011757
0510207    00159EUR2 2121127575508011225     LIBPRLV SEPA LOCAM
0410207053700159EUR2E2121127575508011225  011225EUROPRELEVEMENT                  09XBEAY100000000003883KMOBENT - P - F
0510207    00159EUR2 2121127575508011225     LIBMOBENT - P - FACTURE  92362537 -
0510207    00159EUR2 2121127575508011225     LIB02266942930001682987
0510207    00159EUR2 2121127575508011225     LIBPRLV SEPA ORANGE SA
0410207021400159EUR2E2121127575511011225  011225FACTURE CB                       FF6TEHJ100000000000007}HORODAT ML PBPHF
0510207    00159EUR2 2121127575511011225     LIBHORODAT ML PBPHFR 78MAISONSLAF
0510207    00159EUR2 2121127575511011225     LIB0 70EUR 1 EURO   1 000000
0510207    00159EUR2 2121127575511011225     LIB281125 CB****4284
0410207021400159EUR2E2121127575511011225  011225FACTURE CB                       FF6TEHK100000000000413}LE 46          F
0510207    00159EUR2 2121127575511011225     LIBLE 46          FR MAISONS LAFF
0510207    00159EUR2 2121127575511011225     LIB41 30EUR 1 EURO   1 000000
0510207    00159EUR2 2121127575511011225     LIB281125 CB****4284
0410207021400159EUR2E2121127575511011225  011225FACTURE CB                       FF6T9ER100000000000515OESSO31725ROC2  F
0510207    00159EUR2 2121127575511011225     LIBESSO31725ROC2  FR PIERRE031725
0510207    00159EUR2 2121127575511011225     LIB51 56EUR 1 EURO   1 000000
0510207    00159EUR2 2121127575511011225     LIB281125 CB****0041
0410207021400159EUR2E2121127575511011225  011225FACTURE CB                       FF6T5LT100000000000639QCERTAS ESSOF347F
0510207    00159EUR2 2121127575511011225     LIBCERTAS ESSOF347FR 38SALAISE
0510207    00159EUR2 2121127575511011225     LIB63 98EUR 1 EURO   1 000000
0510207    00159EUR2 2121127575511011225     LIB281125 CB****4691
0410207021400159EUR2E2121127575511011225  011225FACTURE CB                       FF6T92R100000000000029RG      O       I
0510207    00159EUR2 2121127575511011225     LIBGOOGLE ONE     IE DUBLIN
0510207    00159EUR2 2121127575511011225     LIB2 99EUR 1 EURO   1 000000
0510207    00159EUR2 2121127575511011225     LIB271125 CB****3830
0410207021400159EUR2E2121127575511011225  011225FACTURE CB                       FF6T92S100000000000259}RPS-REPRO      F
0510207    00159EUR2 2121127575511011225     LIBRPS-REPRO      FR ERMONT
0510207    00159EUR2 2121127575511011225     LIB25 90EUR 1 EURO   1 000000
0510207    00159EUR2 2121127575511011225     LIB281125 CB****3830
0410207021400159EUR2E2121127575511011225  011225FACTURE CB                       FF6TET2100000000000440}TRAINLINE      F
0510207    00159EUR2 2121127575511011225     LIBTRAINLINE      FR WWW.THETRAIN
0510207    00159EUR2 2121127575511011225     LIB44 00EUR 1 EURO   1 000000
0510207    00159EUR2 2121127575511011225     LIB281125 CB****9514
0410207050500159EUR2E2121127575505011225  011225EUROVIREMENT                     FERUEGE000000000008635{
0510207    00159EUR2 2121127575505011225     LIBEVI S.G.A CHARGAULLE (11
0510207    00159EUR2 2121127575505011225     MMOEUR2000000000863500000000000000
0510207    00159EUR2 2121127575505011225     NPYS.G.A CHARGAULLE (116)
0510207    00159EUR2 2121127575505011225     NBESOCIETE ENERPUR ETANCHEITE
0510207    00159EUR2 2121127575505011225     RCNGI 4139 9085 F 03613 1286
0410207009800159EUR2E2121127575562011225  301125COM. CAUTIONS                    0000000000000000001453K
0410207050500159EUR2E2121127575505011225  011225EUROVIREMENT                     FERULX3000000000021010{SDC 57-65 DESCHA
0510207    00159EUR2 2121127575505011225     LIBSDC 57-65 DESCHANEL-61-67 MARC
0510207    00159EUR2 2121127575505011225     LIBEVI SDC 154-57/65DESCHAN
0510207    00159EUR2 2121127575505011225     MMOEUR2000000002101000000000000000
0510207    00159EUR2 2121127575505011225     NPYSDC 154-57/65DESCHANEL61/67MARC
0510207    00159EUR2 2121127575505011225     NBEENERPUR ETANCHEITE
0510207    00159EUR2 2121127575505011225     LCCSDC 57-65 DESCHANEL-61-67 MARC
0510207    00159EUR2 2121127575505011225     RCN7449028
0410207050500159EUR2E2121127575505011225  011225EUROVIREMENT                     FERULQY000000000010165DFB2359 DU 31/10/
0510207    00159EUR2 2121127575505011225     LIBFB2359 DU 31/10/2025
0510207    00159EUR2 2121127575505011225     LIBEVI SDC RES LES CEDRES P
0510207    00159EUR2 2121127575505011225     MMOEUR2000000001016540000000000000
0510207    00159EUR2 2121127575505011225     NPYSDC RES LES CEDRES POINCARE
0510207    00159EUR2 2121127575505011225     NBESAS ENERPUR ETANCHEITE
0510207    00159EUR2 2121127575505011225     LCCFB2359 DU 31/10/2025
0510207    00159EUR2 2121127575505011225     RCNRYBIA IMMOBILIER SAS
0410207052300159EUR2E2121127575506011225  011225EVI OCCAS CYBER                  3553537100000000005000}A
0510207    00159EUR2 2121127575506011225     LIBAVANCE SUR SALAIRE NOV 2025
0510207    00159EUR2 2121127575506011225     LIBAVANCE SUR SALAIRE NOV 2025
0510207    00159EUR2 2121127575506011225     LIBEVI CISSE YAMADOU
0410207052300159EUR2E2121127575506011225  011225EVI OCCAS CYBER                  3553677100000000005000}A
0510207    00159EUR2 2121127575506011225     LIBAVANCE SUR SALAIRE NOV 2025
0510207    00159EUR2 2121127575506011225     LIBAVANCE SUR SALAIRE NOV 2025
0510207    00159EUR2 2121127575506011225     LIBEVI FONSECA SANTOS JOVAN
0410207052300159EUR2E2121127575506011225  011225EVI OCCAS CYBER                  3553750100000000005000}A
0510207    00159EUR2 2121127575506011225     LIBAVANCE SUR SALAIRE NOV 2025
0510207    00159EUR2 2121127575506011225     LIBAVANCE SUR SALAIRE NOV 2025
0510207    00159EUR2 2121127575506011225     LIBEVI GUIDIALA WALI
0410207052300159EUR2E2121127575506011225  011225EVI OCCAS CYBER                  3553826100000000005000}A
0510207    00159EUR2 2121127575506011225     LIBAVANCE SUR SALAIRE NOV 2025
0510207    00159EUR2 2121127575506011225     LIBAVANCE SUR SALAIRE NOV 2025
0510207    00159EUR2 2121127575506011225     LIBEVI M FOUSSEINI KONTE
0410207052300159EUR2E2121127575506011225  011225EVI OCCAS CYBER                  3553870100000000005000}A
0510207    00159EUR2 2121127575506011225     LIBAVANCE SUR SALAIRE NOV 2025
0510207    00159EUR2 2121127575506011225     LIBAVANCE SUR SALAIRE NOV 2025
0510207    00159EUR2 2121127575506011225     LIBEVI MARTINS PAULO
0410207052300159EUR2E2121127575506011225  011225EVI OCCAS CYBER                  3553946100000000005000}A
0510207    00159EUR2 2121127575506011225     LIBAVANCE SUR SALAIRE NOV 2025
0510207    00159EUR2 2121127575506011225     LIBAVANCE SUR SALAIRE NOV 2025
0510207    00159EUR2 2121127575506011225     LIBEVI MOUNDJONGUE JEAN PIE
0410207052300159EUR2E2121127575506011225  011225EVI OCCAS CYBER                  3554046100000000010000}A
0510207    00159EUR2 2121127575506011225     LIBAVANCE SUR SALAIRE NOV 2025
0510207    00159EUR2 2121127575506011225     LIBAVANCE SUR SALAIRE NOV 2025
0510207    00159EUR2 2121127575506011225     LIBEVI DE AMORIM JULIEN
0410207052300159EUR2E2121127575506011225  011225EVI OCCAS CYBER                  3554107100000000010000}A
0510207    00159EUR2 2121127575506011225     LIBAVANCE SUR SALAIRE NOV 2025
0510207    00159EUR2 2121127575506011225     LIBAVANCE SUR SALAIRE NOV 2025
0510207    00159EUR2 2121127575506011225     LIBEVI BOESCH OLIVIER
0410207052300159EUR2E2121127575506011225  011225EVI OCCAS CYBER                  3554166100000000010000}A
0510207    00159EUR2 2121127575506011225     LIBAVANCE SUR SALAIRE NOV 2025
0510207    00159EUR2 2121127575506011225     LIBAVANCE SUR SALAIRE NOV 2025
0510207    00159EUR2 2121127575506011225     LIBEVI BRETELLE SYLVAIN
0410207052300159EUR2E2121127575506011225  011225EVI OCCAS CYBER                  3554226100000000010000}A
0510207    00159EUR2 2121127575506011225     LIBAVANCE SUR SALAIRE NOV 2025
0510207    00159EUR2 2121127575506011225     LIBAVANCE SUR SALAIRE NOV 2025
0510207    00159EUR2 2121127575506011225     LIBEVI JAHAN CLEMENT
0410207052300159EUR2E2121127575506011225  011225EVI OCCAS CYBER                  3554336100000000010000}A
0510207    00159EUR2 2121127575506011225     LIBAVANCE SUR SALAIRE NOV 2025
0510207    00159EUR2 2121127575506011225     LIBAVANCE SUR SALAIRE NOV 2025
0510207    00159EUR2 2121127575506011225     LIBEVI AUGUSTE JB
0410207052300159EUR2E2121127575506011225  011225EVI OCCAS CYBER                  3554413100000000010000}A
0510207    00159EUR2 2121127575506011225     LIBAVANCE SUR SALAIRE NOV 2025
0510207    00159EUR2 2121127575506011225     LIBAVANCE SUR SALAIRE NOV 2025
0510207    00159EUR2 2121127575506011225     LIBEVI MARTINS ALBERTINO
0410207052300159EUR2E2121127575506011225  011225EVI OCCAS CYBER                  3554464100000000010000}A
0510207    00159EUR2 2121127575506011225     LIBAVANCE SUR SALAIRE NOV 2025
0510207    00159EUR2 2121127575506011225     LIBAVANCE SUR SALAIRE NOV 2025
0510207    00159EUR2 2121127575506011225     LIBEVI MBAMA NGOLO CEDRIC
0410207052300159EUR2E2121127575506011225  011225EVI OCCAS CYBER                  3554521100000000010000}A
0510207    00159EUR2 2121127575506011225     LIBAVANCE SUR SALAIRE NOV 2025
0510207    00159EUR2 2121127575506011225     LIBAVANCE SUR SALAIRE NOV 2025
0510207    00159EUR2 2121127575506011225     LIBEVI NADAL SIMON
0410207052300159EUR2E2121127575506011225  011225EVI OCCAS CYBER                  3554644100000000010000}A
0510207    00159EUR2 2121127575506011225     LIBAVANCE SUR SALAIRE NOV 2025
0510207    00159EUR2 2121127575506011225     LIBAVANCE SUR SALAIRE NOV 2025
0510207    00159EUR2 2121127575506011225     LIBEVI POURBAIX AMBROISE
0410207052300159EUR2E2121127575506011225  011225EVI OCCAS CYBER                  3554691100000000010000}A
0510207    00159EUR2 2121127575506011225     LIBAVANCE SUR SALAIRE NOV 2025
0510207    00159EUR2 2121127575506011225     LIBAVANCE SUR SALAIRE NOV 2025
0510207    00159EUR2 2121127575506011225     LIBEVI SANCHEZ OLIVIER
0410207052300159EUR2E2121127575506011225  011225EVI OCCAS CYBER                  3554743100000000010000}A
0510207    00159EUR2 2121127575506011225     LIBAVANCE SUR SALAIRE NOV 2025
0510207    00159EUR2 2121127575506011225     LIBAVANCE SUR SALAIRE NOV 2025
0510207    00159EUR2 2121127575506011225     LIBEVI SAUTAREL LUDIVINE
0410207052300159EUR2E2121127575506011225  011225EVI OCCAS CYBER                  3554792100000000010000}A
0510207    00159EUR2 2121127575506011225     LIBAVANCE SUR SALAIRE NOV 2025
0510207    00159EUR2 2121127575506011225     LIBAVANCE SUR SALAIRE NOV 2025
0510207    00159EUR2 2121127575506011225     LIBEVI SAUTAREL STEPHANIE
0410207021400159EUR2E2121127575511011225  011225FACTURE CB                       FF739NQ100000000000920NH        B     N
0510207    00159EUR2 2121127575511011225     LIBHOTEL AT BOOKINNL AMSTERDAM
0510207    00159EUR2 2121127575511011225     LIB92 05EUR 1 EURO   1 000000
0510207    00159EUR2 2121127575511011225     LIB301125 CB****9301
0410207021400159EUR2E2121127575511011225  011225FACTURE CB                       FF739NR100000000001608OGUEUDET SENLIS F
0510207    00159EUR2 2121127575511011225     LIBGUEUDET SENLIS FR SENLIS
0510207    00159EUR2 2121127575511011225     LIB160 86EUR 1 EURO   1 000000
0510207    00159EUR2 2121127575511011225     LIB281125 CB****9301
0410207021400159EUR2E2121127575511011225  011225FACTURE CB                       FF73A12100000000000099RG      O       I
0510207    00159EUR2 2121127575511011225     LIBGOOGLE ONE     IE DUBLIN
0510207    00159EUR2 2121127575511011225     LIB9 99EUR 1 EURO   1 000000
0510207    00159EUR2 2121127575511011225     LIB291125 CB****4284
0410207021400159EUR2E2121127575511011225  011225FACTURE CB                       FF732WB100000000000004RG      O       I
0510207    00159EUR2 2121127575511011225     LIBGOOGLE ONE     IE DUBLIN
0510207    00159EUR2 2121127575511011225     LIB0 49EUR 1 EURO   1 000000
0510207    00159EUR2 2121127575511011225     LIB271125 CB****3830
0710207    00159EUR2 21211275755  011225                                                  0000016810251B
0130258RLV 10000EUR2 08024136990  291125CAUVALEX MANUTENTION             COMPTE COURANT   0000000000000{        MT940
0730258RLV 10000EUR2 08024136990  011225                                                  0000000000000{
0110207    00142EUR2 70210592899  281125SARL DERICE                      COMPTE COURANT   0000000099045H
0410207053700142EUR2E7021059289908011225  011225EUROPRELEVEMENT                  09XFN9I100000000060000}LA MONDIALE RETR
0510207    00142EUR2 7021059289908011225     LIBLA MONDIALE RETRAITE SUPPLEMENTA
0510207    00142EUR2 7021059289908011225     LIBNWRA228364287000202405281559019
0510207    00142EUR2 7021059289908011225     LIBPRLV SEPA LA MONDIALE RE
0710207    00142EUR2 70210592899  011225                                                  0000000039045H
0110207    00192EUR2 22217124045  281125PREVENTECH                       COMPTE COURANT   0000000022514A
0410207001500192EUR2E2221712404511011225  291125RETRAIT GAB                      C1K3596100000000009000}CARTE ******8362
0510207    00192EUR2 2221712404511011225     LIBCARTE ******8362
0510207    00192EUR2 2221712404511011225     LIBRETRAIT LE 29/11/2025 A 18 37
0510207    00192EUR2 2221712404511011225     LIBRET GAB DOMONT INT.
0410207021400192EUR2E2221712404511011225  011225FACTURE CB                       FF6TMME100000000000523}SOLA JAPON     F
0510207    00192EUR2 2221712404511011225     LIBSOLA JAPON     FR TREMBLAY EN
0510207    00192EUR2 2221712404511011225     LIB52 30EUR 1 EURO   1 000000
0510207    00192EUR2 2221712404511011225     LIB281125 CB****8606
0410207021400192EUR2E2221712404511011225  011225FACTURE CB                       FF6TMMF100000000000600JENI9339GUEUX   F
0510207    00192EUR2 2221712404511011225     LIBENI9339GUEUX   FR GUEUX
0510207    00192EUR2 2221712404511011225     LIB60 01EUR 1 EURO   1 000000
0510207    00192EUR2 2221712404511011225     LIB281125 CB****8606
0410207021400192EUR2E2221712404511011225  011225FACTURE CB                       FF6TMMG100000000000799}ADEO*LEROY MERLF
0510207    00192EUR2 2221712404511011225     LIBADEO*LEROY MERLFR MONTSOULT
0510207    00192EUR2 2221712404511011225     LIB79 90EUR 1 EURO   1 000000
0510207    00192EUR2 2221712404511011225     LIB281125 CB****8606
0410207021400192EUR2E2221712404511011225  011225FACTURE CB                       FF6TMMH100000000009600}S        B     L
0510207    00192EUR2 2221712404511011225     LIBSHOWROOM BENTLELU LUXEMBOURG
0510207    00192EUR2 2221712404511011225     LIB960 00EUR 1 EURO   1 000000
0510207    00192EUR2 2221712404511011225     LIB281125 CB****8606
0410207059300192EUR2E2221712404505011225  011225VIR INST                         WFMZG6Y000000000019000{BIPT253350300989
0510207    00192EUR2 2221712404505011225     LIBBIPT253350300989671 C
0510207    00192EUR2 2221712404505011225     LIBTOYOTA IQ
0510207    00192EUR2 2221712404505011225     LIBVIR INST BENOIT PREIRA
0410207021400192EUR2E2221712404511011225  011225FACTURE CB                       FF73FX2100000000000500}ESSO ERAGNYBELLF
0510207    00192EUR2 2221712404511011225     LIBESSO ERAGNYBELLFR CERGY  30418
0510207    00192EUR2 2221712404511011225     LIB50 00EUR 1 EURO   1 000000
0510207    00192EUR2 2221712404511011225     LIB291125 CB****8362
0410207059300192EUR2E2221712404505011225  011225VIR INST                         WFN399A000000000160000{BIPT253350302634
0510207    00192EUR2 2221712404505011225     LIBBIPT253350302634811 C
0510207    00192EUR2 2221712404505011225     LIBBMW X5
0510207    00192EUR2 2221712404505011225     LIBVIR INST M PAULO RIBEIRO
0710207    00192EUR2 22217124045  011225                                                  0000000180492{
0110107    00215EUR2 00816052467  281125SOCIETE CIVILE DU VAL DE LOIRE                    0000000261332D
0410107056900215EUR2E0081605246705011225  011225VIREMENT SEPA RECU   569    000  2816607  0000000000536B
0510107    00215EUR2 0081605246705011225     NPYDRFIP ILE DE FRANCE ET DE PARIS
0510107    00215EUR2 0081605246705011225     LCCP 828858E001P001 BDR 062423199
0510107    00215EUR2 0081605246705011225     RCN1D0750000 -ANCV-DC2599EE23-1
0510107    00215EUR2 0081605246705011225     LIBBDFEFRPP
0410107056900215EUR2E0081605246705011225  011225VIREMENT SEPA RECU   569    000  2817234  0000000037330{
0510107    00215EUR2 0081605246705011225     NPYSTRIPE TECHNOLOGY EUROPE LTD
0510107    00215EUR2 0081605246705011225     LCCBSPORT E4O4R1
0510107    00215EUR2 0081605246705011225     LIBSXPYDKKK
0410107003800215EUR2E0081605246711011225  011225TRANSACTION CARTE    038    000  10000230 0000000025500}
0510107    00215EUR2 0081605246711011225     LIBRUPERT SPIRA    LE 30/11/25  CB.XXXXX1317
0510107    00215EUR2 0081605246711011225     LIBORIGINE   ROYAUME UNI       MONTANT   2550 00 EUR
0410107046500215EUR2E0081605246762011225  011225FRAIS TRANSACTION CB 465    000  10000230 0000000000739N
0510107    00215EUR2 0081605246762011225     LIBRUPERT SPIRA CB.XXXXX1317
0510107    00215EUR2 0081605246762011225     LIBLE 30/11/25
0510107    00215EUR2 0081605246762011225     LIBORIGINE/DEVISE   ROYAUME UNI/EUR
0710107    00215EUR2 00816052467  011225                                                  0000000272959A
0110207    00152EUR2 22217984733  281125SARL DERICE                      COMPTE COURANT   0000000162908E
0710207    00152EUR2 22217984733  011225                                                  0000000162908E
0110207    00004EUR2 22211642215  281125SCI DE LA RUE DEZITTER           COMPTE COURANT   0000000000000{
0710207    00004EUR2 22211642215  011225                                                  0000000000000{
0110207    00311EUR2 20219207490  281125NORTRADE INTERNATIONAL           COMPTE COURANT EN0000000049621G
0410207052400311EUR2E2021920749062011225  281125FRAIS/COTIS                      0020678000000000000018NXCEDH002 2025112
0510207    00311EUR2 2021920749062011225     LIBXCEDH002 2025112800020678000001
0510207    00311EUR2 2021920749062011225     LIB1 OPERATION
0510207    00311EUR2 2021920749062011225     LIBFRAIS RELEVE PAPIER ELEC
0710207    00311EUR2 20219207490  011225                                                  0000000049603B
0118707    00082EUR2 32121425058  281125SAVANE & MOUSSON STREET FOOD     COMPTE COURANT   0000000017715P
0418707093800082EUR2E3212142505811011225  011225FACTURE CB                       FF6ZO04100000000000361}SNCF-VOYAGEURS F
0518707    00082EUR2 3212142505811011225     LIBSNCF-VOYAGEURS FR PARIS 10
0518707    00082EUR2 3212142505811011225     LIB36 10EUR 1 EURO   1 000000
0518707    00082EUR2 3212142505811011225     LIB291125 CB****4424
0718707    00082EUR2 32121425058  011225                                                  0000000018076P
0110207    00060EUR2 24213303820  281125SOCIETE CIVILE IMMOBILIERE IREM  COMPTE COURANT   0000000922390A
0710207    00060EUR2 24213303820  011225                                                  0000000922390A
0110207    00060EUR2 24214417775  281125SCI DC                           COMPTE COURANT   0000000212549H
0710207    00060EUR2 24214417775  011225                                                  0000000212549H
0110207    00130EUR2 21213543636  281125BEAUCE TOURAINE                                   0000000025975B
0410207022600130EUR2E2121354363691011225  301125ECHEANCE PRET                    8798267000000000011601QDONT CAP   1116
0510207    00130EUR2 2121354363691011225     LIBDONT CAP   1116 62 ASS.   18 06E
0510207    00130EUR2 2121354363691011225     LIB     INT.     6 88 COM.   18 62E
0410207020600130EUR2E2121354363611011225  281125REMISE CB                        0968021000000000004495HBRUT      451 58
0510207    00130EUR2 2121354363611011225     LIBBRUT      451 58E - COM    2 00E
0510207    00130EUR2 2121354363611011225     LIB                - NB0026/129021
0510207    00130EUR2 2121354363611011225     LIBREMISE CB 5030009011
0410207020600130EUR2E2121354363611011225  281125REMISE CB                        0396382000000000000199{BRUT       20 00
0510207    00130EUR2 2121354363611011225     LIBBRUT       20 00E - COM    0 10E
0510207    00130EUR2 2121354363611011225     LIB                - NB0001/128382
0510207    00130EUR2 2121354363611011225     LIBREMISE CB 5835268015
0410207050500130EUR2E2121354363605011225  011225EUROVIREMENT                     F9TA9ML000000000000618EERF-TRD-0488605-
0510207    00130EUR2 2121354363605011225     LIBERF-TRD-0488605-25112025-1
0510207    00130EUR2 2121354363605011225     LIBEVI EDENRED FRANCE
0510207    00130EUR2 2121354363605011225     MMOEUR2000000000061850000000000000
0510207    00130EUR2 2121354363605011225     NPYEDENRED FRANCE
0510207    00130EUR2 2121354363605011225     NBESAS MESSAILI B
0510207    00130EUR2 2121354363605011225     LCCERF-TRD-0488605-25112025-1
0510207    00130EUR2 2121354363605011225     RCNVSCT-TX-7667
0410207020600130EUR2E2121354363611011225  011225REMISE CB                        0397755000000000004909CBRUT      493 00
0510207    00130EUR2 2121354363611011225     LIBBRUT      493 00E - COM    2 07E
0510207    00130EUR2 2121354363611011225     LIB                - NB0004/145755
0510207    00130EUR2 2121354363611011225     LIBREMISE CB 5835268015
0410207020600130EUR2E2121354363611011225  011225REMISE CB                        0969346000000000003327{BRUT      334 20
0510207    00130EUR2 2121354363611011225     LIBBRUT      334 20E - COM    1 50E
0510207    00130EUR2 2121354363611011225     LIB                - NB0023/178346
0510207    00130EUR2 2121354363611011225     LIBREMISE CB 5030009011
0410207020600130EUR2E2121354363611011225  011225REMISE CB                        0398928000000000001316DBRUT      132 50
0510207    00130EUR2 2121354363611011225     LIBBRUT      132 50E - COM    0 86E
0510207    00130EUR2 2121354363611011225     LIB                - NB0003/197928
0510207    00130EUR2 2121354363611011225     LIBREMISE CB 5835268015
0410207020600130EUR2E2121354363611011225  011225REMISE CB                        0970933000000000002842FBRUT      285 90
0510207    00130EUR2 2121354363611011225     LIBBRUT      285 90E - COM    1 64E
0510207    00130EUR2 2121354363611011225     LIB                - NB0018/197933
0510207    00130EUR2 2121354363611011225     LIBREMISE CB 5030009011
0410207053700130EUR2E2121354363608011225  011225EUROPRELEVEMENT                  09XZK3Y100000000000159R
0510207    00130EUR2 2121354363608011225     LIB  FM-15596323-1
0510207    00130EUR2 2121354363608011225     LIBPRLV SEPA FREE MOBILE
0410207053700130EUR2E2121354363608011225  011225EUROPRELEVEMENT                  09XQ5YE100000000004425Q/INV/0052.006094
0510207    00130EUR2 2121354363608011225     LIB/INV/0052.006094
0510207    00130EUR2 2121354363608011225     LIBCMR000042776601
0510207    00130EUR2 2121354363608011225     LIBPRLV SEPA METRO FRANCE S
0410207001200130EUR2E2121354363601011225  011225CHEQUE N 0002155                 0002155100000000005496M0000251129008162
0510207    00130EUR2 2121354363601011225     LIB000025112900816271080930  1600
0510207    00130EUR2 2121354363601011225     LIB                    30002
0710207    00130EUR2 21213543636  011225                                                  0000000021999I
0110207    00159EUR2 22218906510  281125AP LESAGE                        COMPTE COURANT   0000000181218F
0710207    00159EUR2 22218906510  011225                                                  0000000181218F
0110207    00159EUR2 21212959940  281125SCI DE L'ALISIER                 COMPTE COURANT   0000000385929I
0410207022600159EUR2E2121295994091011225  281125ECHEANCE PRET                    7117367000000000042285LDONT CAP   4035
0510207    00159EUR2 2121295994091011225     LIBDONT CAP   4035 42 ASS.    0 00E
0510207    00159EUR2 2121295994091011225     LIB     INT.   193 11 COM.    0 00E
0410207053700159EUR2E2121295994008011225  011225EUROPRELEVEMENT                  09XSR4R100000000000062}RUM XX300768488S
0510207    00159EUR2 2121295994008011225     LIBRUM XX300768488SEPA/ICS FR36ZZZ8
0510207    00159EUR2 2121295994008011225     LIBXX300768488SEPA
0510207    00159EUR2 2121295994008011225     LIBPRLV SEPA FRANCILIANE
0410207053700159EUR2E2121295994008011225  011225EUROPRELEVEMENT                  09XBIJ3100000000000136Q791469400 SCI PL
0510207    00159EUR2 2121295994008011225     LIB791469400 SCI PLANETE PARKING
0510207    00159EUR2 2121295994008011225     LIBBAEA3F8BDBE0409D88B5C2DDC617CA74
0510207    00159EUR2 2121295994008011225     LIBPRLV SEPA APRIL SANTE PR
0710207    00159EUR2 21212959940  011225                                                  0000000343445H
0110207    00154EUR2 22217342469  281125EL MANAR 2                       COMPTE COURANT   0000005796877E
0410207022600154EUR2E2221734246991011225  281125ECHEANCE PRET                    8900665000000000055660MDONT CAP   4603
0510207    00154EUR2 2221734246991011225     LIBDONT CAP   4603 37 ASS.  152 50E
0510207    00154EUR2 2221734246991011225     LIB     INT.   810 17 COM.    0 00E
0410207053700154EUR2E2221734246908011225  011225EUROPRELEVEMENT                  09XVMOG100000000006482KAUDEN78628977.96
0510207    00154EUR2 2221734246908011225     LIBAUDEN78628977.9604276 DU 301125
0510207    00154EUR2 2221734246908011225     LIBRUOE000101179C
0510207    00154EUR2 2221734246908011225     LIBPRLV SEPA AUDIENS ENCAIS
0410207021400154EUR2E2221734246911011225  011225FACTURE CB                       FF6TJ63100000000001009PAMAZON PAYMENTSF
0510207    00154EUR2 2221734246911011225     LIBAMAZON PAYMENTSFR PAYLI2441535
0510207    00154EUR2 2221734246911011225     LIB100 97EUR 1 EURO   1 000000
0510207    00154EUR2 2221734246911011225     LIB271125 CB****1493
0410207052300154EUR2E2221734246906011225  011225EVI OCCAS CYBER                  3547031100000000001976QC1554440DWL
0510207    00154EUR2 2221734246906011225     LIBC1554440DWL
0510207    00154EUR2 2221734246906011225     LIBPAIE NOV 2025
0510207    00154EUR2 2221734246906011225     LIBEVI YOANN ANDRE
0410207052300154EUR2E2221734246906011225  011225EVI OCCAS CYBER                  3547134100000000001976QC1554440DWL
0510207    00154EUR2 2221734246906011225     LIBC1554440DWL
0510207    00154EUR2 2221734246906011225     LIBPAIE NOV 2025
0510207    00154EUR2 2221734246906011225     LIBEVI ANTOINE ANGLEZI
0410207052300154EUR2E2221734246906011225  011225EVI OCCAS CYBER                  3547278100000000001562RC1554440DWL
0510207    00154EUR2 2221734246906011225     LIBC1554440DWL
0510207    00154EUR2 2221734246906011225     LIBPAIE NOV 2025
0510207    00154EUR2 2221734246906011225     LIBEVI M ATTOUN JULIEN
0410207052300154EUR2E2221734246906011225  011225EVI OCCAS CYBER                  3547501100000000001811JC1554440DWL
0510207    00154EUR2 2221734246906011225     LIBC1554440DWL
0510207    00154EUR2 2221734246906011225     LIBPAIE NOV 2025
0510207    00154EUR2 2221734246906011225     LIBEVI SAMI BOUNAGCHA
0410207052300154EUR2E2221734246906011225  011225EVI OCCAS CYBER                  3547644100000000001811JC1554440DWL
0510207    00154EUR2 2221734246906011225     LIBC1554440DWL
0510207    00154EUR2 2221734246906011225     LIBPAIE NOV 2025
0510207    00154EUR2 2221734246906011225     LIBEVI FRANCOIS-DOMINIQUE D
0410207052300154EUR2E2221734246906011225  011225EVI OCCAS CYBER                  3547938100000000004946OC1554440DWL
0510207    00154EUR2 2221734246906011225     LIBC1554440DWL
0510207    00154EUR2 2221734246906011225     LIBPAIE NOV 2025
0510207    00154EUR2 2221734246906011225     LIBEVI ALAN FAVENNEC
0410207052300154EUR2E2221734246906011225  011225EVI OCCAS CYBER                  3548014100000000001811JC1554440DWL
0510207    00154EUR2 2221734246906011225     LIBC1554440DWL
0510207    00154EUR2 2221734246906011225     LIBPAIE NOV 2025
0510207    00154EUR2 2221734246906011225     LIBEVI MELVIN FAVENNEC
0410207052300154EUR2E2221734246906011225  011225EVI OCCAS CYBER                  3548118100000000001811JC1554440DWL
0510207    00154EUR2 2221734246906011225     LIBC1554440DWL
0510207    00154EUR2 2221734246906011225     LIBPAIE NOV 2025
0510207    00154EUR2 2221734246906011225     LIBEVI MORAD HOCINE
0410207052300154EUR2E2221734246906011225  011225EVI OCCAS CYBER                  3548313100000000001562RC1554440DWL
0510207    00154EUR2 2221734246906011225     LIBC1554440DWL
0510207    00154EUR2 2221734246906011225     LIBPAIE NOV 2025
0510207    00154EUR2 2221734246906011225     LIBEVI QUENTIN LAGACHE
0410207052300154EUR2E2221734246906011225  011225EVI OCCAS CYBER                  3548490100000000001976QC1554440DWL
0510207    00154EUR2 2221734246906011225     LIBC1554440DWL
0510207    00154EUR2 2221734246906011225     LIBPAIE NOV 2025
0510207    00154EUR2 2221734246906011225     LIBEVI HAMID LEROUGE
0410207052300154EUR2E2221734246906011225  011225EVI OCCAS CYBER                  3548645100000000001562RC1554440DWL
0510207    00154EUR2 2221734246906011225     LIBC1554440DWL
0510207    00154EUR2 2221734246906011225     LIBPAIE NOV 2025
0510207    00154EUR2 2221734246906011225     LIBEVI REGIS MENDY
0410207052300154EUR2E2221734246906011225  011225EVI OCCAS CYBER                  3548838100000000001397OC1554440DWL
0510207    00154EUR2 2221734246906011225     LIBC1554440DWL
0510207    00154EUR2 2221734246906011225     LIBPAIE NOV 2025
0510207    00154EUR2 2221734246906011225     LIBEVI MELANIE PINTO DE MIR
0410207052300154EUR2E2221734246906011225  011225EVI OCCAS CYBER                  3548947100000000001811JC1554440DWL
0510207    00154EUR2 2221734246906011225     LIBC1554440DWL
0510207    00154EUR2 2221734246906011225     LIBPAIE NOV 2025
0510207    00154EUR2 2221734246906011225     LIBEVI OLIVIER SADOULET
0410207052300154EUR2E2221734246906011225  011225EVI OCCAS CYBER                  3549039100000000001976QC1554440DWL
0510207    00154EUR2 2221734246906011225     LIBC1554440DWL
0510207    00154EUR2 2221734246906011225     LIBPAIE NOV 2025
0510207    00154EUR2 2221734246906011225     LIBEVI BAKARY TIMERA
0410207052300154EUR2E2221734246906011225  011225EVI OCCAS CYBER                  3549148100000000004946OC1554440DWL
0510207    00154EUR2 2221734246906011225     LIBC1554440DWL
0510207    00154EUR2 2221734246906011225     LIBPAIE NOV 2025
0510207    00154EUR2 2221734246906011225     LIBEVI MICHAEL ZEITOUN
0710207    00154EUR2 22217342469  011225                                                  0000005700783{
0110207    00151EUR2 21216225274  281125EGV HOLDING                      COMPTE COURANT   0000000149648A
0410207052300151EUR2E2121622527406011225  011225EVI OCCAS CYBER                  3502536100000000003597}C0744581
0510207    00151EUR2 2121622527406011225     LIBC0744581
0510207    00151EUR2 2121622527406011225     LIBFRAIS DE NOVEMBRE 2025
0510207    00151EUR2 2121622527406011225     LIBEVI EMMANUELLE MENDIL
0710207    00151EUR2 21216225274  011225                                                  0000000146051A
0130258RLV 10000EUR2 08000268111  291125EI AIGU MELANIE                  COMPTE COURANT   0000001190474G        MT940
0430258RLV 10000EUR2E0800026811106011225  011225REM VIR SEPA JOUR DU 01/12/25    74814770 0000000840927M
0530258    10000EUR2 0800026811106011225     LIBDECOFOR-112025105024
0530258    10000EUR2 0800026811106011225     NPYDECOFOR
0530258    10000EUR2 0800026811106011225     REFDECOFOR 112025105024
0430258RLV 10000EUR2E08000268111B1011225  011225*FR24ZZZ39407ORANGE LEASE        82206791 0000000002548N
0530258    10000EUR2 08000268111B1011225     LIB*FR24ZZZ39407ORANGE LEASE
0530258    10000EUR2 08000268111B1011225     NPYDECOFOR
0530258    10000EUR2 08000268111B1011225     LCCPRELEVEMENT EMIS SEPA          /CNZ04124    /31368975
0530258    10000EUR2 08000268111B1011225     RCNNZ04124    /31368975
0530258    10000EUR2 08000268111B1011225     RUMFR24ZZZ394077NZ04124               RCUR
0530258    10000EUR2 08000268111B1011225     CPYFR2630258000011114158A00191
0530258    10000EUR2 08000268111B1011225     NBEORANGE LEASE
0530258    10000EUR2 08000268111B1011225     IBEFR24ZZZ394077                      SEPA
0430258RLV 10000EUR2E0800026811162011225  011225COMMISSIONS                      40583691 0000000000986M
0430258RLV 10000EUR2E0800026811162011225  011225FRAIS DE TENUE DE COMPTE         40692661 0000000000066O
0430258RLV 10000EUR2E0800026811170011225  011225INTERETS DEBITEURS               40516321 0000000000563P
0430258RLV 10000EUR2E0800026811105011225  011225VIR SEPA SDC LA CARAVELLE 19533  57947121 0000000002880I
0530258    10000EUR2 0800026811105011225     LIBLA CARAVELLE FA2025 4023
0530258    10000EUR2 0800026811105011225     NPYSDC LA CARAVELLE 19533
0530258    10000EUR2 0800026811105011225     NBEDECOFOR
0530258    10000EUR2 0800026811105011225     LCCLA CARAVELLE FA2025 4023
0530258    10000EUR2 0800026811105011225     RCNE2E 692B67409A09AFE263B1861A
0730258RLV 10000EUR2 08000268111  011225                                                  0000000348263{
0110107    00284EUR2 00117067725  281125STOORM                           CCE STOORM       0000000008490H
0710107    00284EUR2 00117067725  011225                                                  0000000008490H
0110207    00152EUR2 27210183398  281125POLY                             COMPTE COURANT   0000000720660F
0410207059300152EUR2E2721018339805011225  011225VIR INST                         WFN1B8E000000000017000{BIPT253350302374
0510207    00152EUR2 2721018339805011225     LIBBIPT253350302374375 C
0510207    00152EUR2 2721018339805011225     LIBLOYER
0510207    00152EUR2 2721018339805011225     LIBVIR INST M. COUDERC LAUR
0710207    00152EUR2 27210183398  011225                                                  0000000737660F
0118707    00040EUR2 31721400998  281125LUCAS OPTIK                      COMPTE MUTUELLE  0000000227989{
0418707052500040EUR2E3172140099862011225  281125FRAIS                            0021138000000000000003QXCREM013 2025112
0518707    00040EUR2 3172140099862011225     LIBXCREM013 2025112800021138000001
0518707    00040EUR2 3172140099862011225     LIBOPERATIONS      I253020000401628
0518707    00040EUR2 3172140099862011225     LIBFRAIS PRLV SEPA EBICS
0418707059300040EUR2E3172140099805011225  291125VIR INST                         WM31NFP100000000007504HVK53333FCUXS1H01
0518707    00040EUR2 3172140099805011225     LIBVK53333FCUXS1H01
0518707    00040EUR2 3172140099805011225     LIBVIR DE BEAUTE BIEN ETRE CARIS-DI
0518707    00040EUR2 3172140099805011225     LIBVIR INST BEAUTE BIEN ETR
0418707050500040EUR2E3172140099805011225  011225VIREMENT SEPA                    F9TA79B100000000007325ER
0518707    00040EUR2 3172140099805011225     LIBRETROCESSION STOCK
0518707    00040EUR2 3172140099805011225     LIBVIREMENT AUTOUR DU BAIN
0518707    00040EUR2 3172140099805011225     MMOEUR2000000000732550000000000000
0518707    00040EUR2 3172140099805011225     NPYAUTOUR DU BAIN
0518707    00040EUR2 3172140099805011225     NBEAUTOUR DU PARFUM
0518707    00040EUR2 3172140099805011225     LCCRETROCESSION STOCK
0518707    00040EUR2 3172140099805011225     RCN032025332167951610000001
0418707022100040EUR2E3172140099807011225  301125LCR DOMICILIEE                   0704082100000000022727K
0518707    00040EUR2 3172140099807011225     LIBLCR DPD FRANCE SAS  3011
0418707022100040EUR2E3172140099807011225  301125LCR DOMICILIEE                   0704083100000000008588NREF TIRE 0000000
0518707    00040EUR2 3172140099807011225     LIBREF TIRE 0000000000 ECH 30/11/25
0518707    00040EUR2 3172140099807011225     LIBLCR POUZZOLANES DES DOME
0418707021400040EUR2E3172140099811011225  011225FACTURE CB                       FF6S8XK100000000000504}LS P           F
0518707    00040EUR2 3172140099811011225     LIBLS PAPILLEMENT FR GARANCIERES
0518707    00040EUR2 3172140099811011225     LIB50 40EUR 1 EURO   1 000000
0518707    00040EUR2 3172140099811011225     LIB281125 CB****0686
0418707021400040EUR2E3172140099811011225  011225FACTURE CB                       FF6S8XL100000000001718}AMAZON PAYMENTSF
0518707    00040EUR2 3172140099811011225     LIBAMAZON PAYMENTSFR PAYLI2441535
0518707    00040EUR2 3172140099811011225     LIB171 80EUR 1 EURO   1 000000
0518707    00040EUR2 3172140099811011225     LIB271125 CB****0686
0418707021400040EUR2E3172140099811011225  011225FACTURE CB                       FF6S8XM100000000001945MO              E
0518707    00040EUR2 3172140099811011225     LIBOPODO          ES BARCELONA
0518707    00040EUR2 3172140099811011225     LIB194 54EUR 1 EURO   1 000000
0518707    00040EUR2 3172140099811011225     LIB281125 CB****0686
0418707050500040EUR2E3172140099805011225  011225VIREMENT SEPA                    FERUGSF100000000001415GANKORSTORE
0518707    00040EUR2 3172140099805011225     LIBANKORSTORE
0518707    00040EUR2 3172140099805011225     LIBVIREMENT STRIPE
0518707    00040EUR2 3172140099805011225     MMOEUR2000000000141570000000000000
0518707    00040EUR2 3172140099805011225     NPYSTRIPE
0518707    00040EUR2 3172140099805011225     NBEAUTOUR DU PARFUM ATELIER LEBLANC
0518707    00040EUR2 3172140099805011225     LCCANKORSTORE
0518707    00040EUR2 3172140099805011225     RCNANKORSTOR-Y8YG2VKMURJECVVJ9P5YHBRR0
0418707021400040EUR2E3172140099811011225  011225FACTURE CB                       FF6ZLB5100000000000060}ALSAN 2GS      F
0518707    00040EUR2 3172140099811011225     LIBALSAN 2GS      FR VERSAILLES
0518707    00040EUR2 3172140099811011225     LIB6 00EUR 1 EURO   1 000000
0518707    00040EUR2 3172140099811011225     LIB291125 CB****7903
0418707021400040EUR2E3172140099811011225  011225FACTURE CB                       FF6ZLB6100000000000140}HORODATEURS V.CF
0518707    00040EUR2 3172140099811011225     LIBHORODATEURS V.CFR 78VERSAILLES
0518707    00040EUR2 3172140099811011225     LIB14 00EUR 1 EURO   1 000000
0518707    00040EUR2 3172140099811011225     LIB291125 CB****7903
0418707021400040EUR2E3172140099811011225  011225FACTURE CB                       FF6ZLB7100000000000220}LS P           F
0518707    00040EUR2 3172140099811011225     LIBLS PAPILLEMENT FR GARANCIERES
0518707    00040EUR2 3172140099811011225     LIB22 00EUR 1 EURO   1 000000
0518707    00040EUR2 3172140099811011225     LIB291125 CB****7903
0418707021400040EUR2E3172140099811011225  011225FACTURE CB                       FF6ZLB8100000000000272}LS P           F
0518707    00040EUR2 3172140099811011225     LIBLS PAPILLEMENT FR GARANCIERES
0518707    00040EUR2 3172140099811011225     LIB27 20EUR 1 EURO   1 000000
0518707    00040EUR2 3172140099811011225     LIB291125 CB****7903
0418707021400040EUR2E3172140099811011225  011225FACTURE CB                       FF6ZLB9100000000000326}LS P           F
0518707    00040EUR2 3172140099811011225     LIBLS PAPILLEMENT FR GARANCIERES
0518707    00040EUR2 3172140099811011225     LIB32 60EUR 1 EURO   1 000000
0518707    00040EUR2 3172140099811011225     LIB301125 CB****7903
0418707021400040EUR2E3172140099811011225  011225FACTURE CB                       FF6ZLBA100000000000410}S  U   *T      F
0518707    00040EUR2 3172140099811011225     LIBSUMUP  *THAI BAFR LE VESINET
0518707    00040EUR2 3172140099811011225     LIB41 00EUR 1 EURO   1 000000
0518707    00040EUR2 3172140099811011225     LIB291125 CB****7903
0418707021400040EUR2E3172140099811011225  011225FACTURE CB                       FF6ZGCO100000000000140}PBP V          F
0518707    00040EUR2 3172140099811011225     LIBPBP VERSAILLES FR 92BOULOGNE-B
0518707    00040EUR2 3172140099811011225     LIB14 00EUR 1 EURO   1 000000
0518707    00040EUR2 3172140099811011225     LIB281125 CB****0686
0418707021400040EUR2E3172140099811011225  011225FACTURE CB                       FF6ZGCP100000000000325}LS P           F
0518707    00040EUR2 3172140099811011225     LIBLS PAPILLEMENT FR GARANCIERES
0518707    00040EUR2 3172140099811011225     LIB32 50EUR 1 EURO   1 000000
0518707    00040EUR2 3172140099811011225     LIB301125 CB****0686
0418707021400040EUR2E3172140099811011225  011225FACTURE CB                       FF6ZGCQ100000000000369RAMZN M    FR*ZXL
0518707    00040EUR2 3172140099811011225     LIBAMZN MKTP FR*ZXLU AMAZON.FR
0518707    00040EUR2 3172140099811011225     LIB36 99EUR 1 EURO   1 000000
0518707    00040EUR2 3172140099811011225     LIB301125 CB****0686
0418707059300040EUR2E3172140099805011225  011225VIR INST                         WM3I34V100000000010541B1819566597
0518707    00040EUR2 3172140099805011225     LIB1819566597
0518707    00040EUR2 3172140099805011225     LIBSUMUP PID1443436 PAYOUT 011225
0518707    00040EUR2 3172140099805011225     LIBVIR INST SUMUP LIMITED
0418707093600040EUR2E3172140099806011225  011225VIR INST                         WM3ICGR100000000005000}P    N      G
0518707    00040EUR2 3172140099806011225     LIBPOUR NOEMIE GALTIER
0518707    00040EUR2 3172140099806011225     LIBFACTURE NOVEMBRE
0518707    00040EUR2 3172140099806011225     LIBVIR INST NOEMIE GALTIER
0418707093600040EUR2E3172140099806011225  011225VIR INST                         WM3ICR1100000000048000}P    D         D
0518707    00040EUR2 3172140099806011225     LIBPOUR DELPHINE  DIDIER LEBLANC
0518707    00040EUR2 3172140099806011225     LIBREMUNERATION NOV
0518707    00040EUR2 3172140099806011225     LIBVIR INST DELPHINE  DIDIE
0718707    00040EUR2 31721400998  011225                                                  0000000164026D
0110207    00197EUR2 23213287879  281125LK DEVELOPPEMENT                 COMPTE COURANT   0000000329699F
0410207052400197EUR2E2321328787962011225  281125FRAIS/COTIS                      0040866000000000000718QXCCNV032 2025112
0510207    00197EUR2 2321328787962011225     LIBXCCNV032 2025112800040866000001
0510207    00197EUR2 2321328787962011225     LIBCONTRAT CNV0056080420
0510207    00197EUR2 2321328787962011225     LIBCOTIS RYTHMEO
0410207052300197EUR2E2321328787906011225  011225EVI OCCAS CYBER                  3444697100000000003752RV           SAS
0510207    00197EUR2 2321328787906011225     LIBVIREMENT DE SAS JARDINAGE A DOMI
0510207    00197EUR2 2321328787906011225     LIBVIREMENT DE SAS JARDINAGE A DOMI
0510207    00197EUR2 2321328787906011225     LIBEVI M. DOORNAERT FABRICE
0410207052300197EUR2E2321328787906011225  011225EVI OCCAS CYBER                  3444851100000000019660PV           SAS
0510207    00197EUR2 2321328787906011225     LIBVIREMENT DE SAS JARDINAGE A DOMI
0510207    00197EUR2 2321328787906011225     LIBSALAIRE NOVEMBRE 2025
0510207    00197EUR2 2321328787906011225     LIBEVI MR CONAN ETIENNE
0410207052300197EUR2E2321328787906011225  011225EVI OCCAS CYBER                  3444917100000000020896}V           SAS
0510207    00197EUR2 2321328787906011225     LIBVIREMENT DE SAS JARDINAGE A DOMI
0510207    00197EUR2 2321328787906011225     LIBSALAIRE NOVEMBRE 2025
0510207    00197EUR2 2321328787906011225     LIBEVI ALAN QUILLET
0410207050500197EUR2E2321328787905011225  011225EUROVIREMENT                     F9TBMS7000000000002472{CP1099617 FAC-20
0510207    00197EUR2 2321328787905011225     LIBCP1099617 FAC-202511251099617 CP
0510207    00197EUR2 2321328787905011225     LIBAY119334  4959 - SDC RESIDENCE C
0510207    00197EUR2 2321328787905011225     LIBEVI SDC RESIDENCE CREATI
0510207    00197EUR2 2321328787905011225     MMOEUR2000000000247200000000000000
0510207    00197EUR2 2321328787905011225     NPYSDC RESIDENCE CREATIV
0510207    00197EUR2 2321328787905011225     NBEJADE
0510207    00197EUR2 2321328787905011225     LCCCP1099617 FAC-202511251099617 CPAY119334  4959 - SDC RESIDENCE CREATIV
0510207    00197EUR2 2321328787905011225     LC2CP1099617 FAC-202511251099617 CPAY119334  4959 - SDC RESIDENCE CREATIV
0510207    00197EUR2 2321328787905011225     RCNNOTPROVIDED
0410207053700197EUR2E2321328787908011225  011225EUROPRELEVEMENT                  09XQ30S100000000003617R104810/00-F20251
0510207    00197EUR2 2321328787908011225     LIB104810/00-F202511/0117967
0510207    00197EUR2 2321328787908011225     LIB000020001048100001
0510207    00197EUR2 2321328787908011225     LIBPRLV SEPA BP RIVES DE PA
0410207053700197EUR2E2321328787908011225  011225EUROPRELEVEMENT                  09XSPQY100000000001049JAGRICA CPCEA 08/
0510207    00197EUR2 2321328787908011225     LIBAGRICA CPCEA 08/2025 RUCP1000950
0510207    00197EUR2 2321328787908011225     LIBRUCP1000950576003
0510207    00197EUR2 2321328787908011225     LIBPRLV SEPA GROUPE AGRICA
0410207053700197EUR2E2321328787908011225  011225EUROPRELEVEMENT                  09XSQBU100000000000398OAGRICA CPCEA 06/
0510207    00197EUR2 2321328787908011225     LIBAGRICA CPCEA 06/2025 RUCP1000950
0510207    00197EUR2 2321328787908011225     LIBRUCP1000950576003
0510207    00197EUR2 2321328787908011225     LIBPRLV SEPA GROUPE AGRICA
0410207053700197EUR2E2321328787908011225  011225EUROPRELEVEMENT                  09XSQL3100000000000454QAGRICA CPCEA 07/
0510207    00197EUR2 2321328787908011225     LIBAGRICA CPCEA 07/2025 RUCP1000950
0510207    00197EUR2 2321328787908011225     LIBRUCP1000950576003
0510207    00197EUR2 2321328787908011225     LIBPRLV SEPA GROUPE AGRICA
0410207053700197EUR2E2321328787908011225  011225EUROPRELEVEMENT                  09XSQOA100000000001432RAGRICA CPCEA 08/
0510207    00197EUR2 2321328787908011225     LIBAGRICA CPCEA 08/2025 RUCP1000950
0510207    00197EUR2 2321328787908011225     LIBRUCP1000950576003
0510207    00197EUR2 2321328787908011225     LIBPRLV SEPA GROUPE AGRICA
0410207053700197EUR2E2321328787908011225  011225EUROPRELEVEMENT                  09XSQO7100000000000453JAGRICA CPCEA 05/
0510207    00197EUR2 2321328787908011225     LIBAGRICA CPCEA 05/2025 RUCP1000950
0510207    00197EUR2 2321328787908011225     LIBRUCP1000950576003
0510207    00197EUR2 2321328787908011225     LIBPRLV SEPA GROUPE AGRICA
0410207053700197EUR2E2321328787908011225  011225EUROPRELEVEMENT                  09XSQ35100000000000410NAGRICA CPCEA 02/
0510207    00197EUR2 2321328787908011225     LIBAGRICA CPCEA 02/2025 RUCP1000950
0510207    00197EUR2 2321328787908011225     LIBRUCP1000950576003
0510207    00197EUR2 2321328787908011225     LIBPRLV SEPA GROUPE AGRICA
0410207053700197EUR2E2321328787908011225  011225EUROPRELEVEMENT                  09XSQ8V100000000000410RAGRICA CPCEA 09/
0510207    00197EUR2 2321328787908011225     LIBAGRICA CPCEA 09/2025 RUCP1000950
0510207    00197EUR2 2321328787908011225     LIBRUCP1000950576003
0510207    00197EUR2 2321328787908011225     LIBPRLV SEPA GROUPE AGRICA
0410207053700197EUR2E2321328787908011225  011225EUROPRELEVEMENT                  09XSQ61100000000001432RAGRICA CPCEA 09/
0510207    00197EUR2 2321328787908011225     LIBAGRICA CPCEA 09/2025 RUCP1000950
0510207    00197EUR2 2321328787908011225     LIBRUCP1000950576003
0510207    00197EUR2 2321328787908011225     LIBPRLV SEPA GROUPE AGRICA
0410207021400197EUR2E2321328787911011225  011225FACTURE CB                       FF6TC1B100000000000133}RR DECHETTERIE F
0510207    00197EUR2 2321328787911011225     LIBRR DECHETTERIE FR 95000
0510207    00197EUR2 2321328787911011225     LIB13 30EUR 1 EURO   1 000000
0510207    00197EUR2 2321328787911011225     LIB281125 CB****6228
0410207050500197EUR2E2321328787905011225  011225EUROVIREMENT                     FERUHLY000000000001236{VRT URSSAF POUR
0510207    00197EUR2 2321328787905011225     LIBVRT URSSAF POUR FA-2025-11-1777
0510207    00197EUR2 2321328787905011225     LIBEVI URSSAF RA CESU PREST
0510207    00197EUR2 2321328787905011225     MMOEUR2000000000123600000000000000
0510207    00197EUR2 2321328787905011225     NPYURSSAF RA CESU PRESTATAIRE
0510207    00197EUR2 2321328787905011225     NBEJARDINAGE A DOMICILE EXPRESS
0510207    00197EUR2 2321328787905011225     IBESIREN
0510207    00197EUR2 2321328787905011225     LCCVRT URSSAF POUR FA-2025-11-1777
0510207    00197EUR2 2321328787905011225     RCNI0000048191413
0410207050500197EUR2E2321328787905011225  011225EUROVIREMENT                     FERUHN5000000000002712{VRT URSSAF POUR
0510207    00197EUR2 2321328787905011225     LIBVRT URSSAF POUR FA-2025-11-1769
0510207    00197EUR2 2321328787905011225     LIBEVI URSSAF RA CESU PREST
0510207    00197EUR2 2321328787905011225     MMOEUR2000000000271200000000000000
0510207    00197EUR2 2321328787905011225     NPYURSSAF RA CESU PRESTATAIRE
0510207    00197EUR2 2321328787905011225     NBEJARDINAGE A DOMICILE EXPRESS
0510207    00197EUR2 2321328787905011225     IBESIREN
0510207    00197EUR2 2321328787905011225     LCCVRT URSSAF POUR FA-2025-11-1769
0510207    00197EUR2 2321328787905011225     RCNI0000048191411
0410207050500197EUR2E2321328787905011225  011225EUROVIREMENT                     FERUHO8000000000002616{VRT URSSAF POUR
0510207    00197EUR2 2321328787905011225     LIBVRT URSSAF POUR FA-2025-11-1767
0510207    00197EUR2 2321328787905011225     LIBEVI URSSAF RA CESU PREST
0510207    00197EUR2 2321328787905011225     MMOEUR2000000000261600000000000000
0510207    00197EUR2 2321328787905011225     NPYURSSAF RA CESU PRESTATAIRE
0510207    00197EUR2 2321328787905011225     NBEJARDINAGE A DOMICILE EXPRESS
0510207    00197EUR2 2321328787905011225     IBESIREN
0510207    00197EUR2 2321328787905011225     LCCVRT URSSAF POUR FA-2025-11-1767
0510207    00197EUR2 2321328787905011225     RCNI0000048191416
0410207050500197EUR2E2321328787905011225  011225EUROVIREMENT                     FERUHUN000000000001980{VRT URSSAF POUR
0510207    00197EUR2 2321328787905011225     LIBVRT URSSAF POUR FA-2025-11-1765
0510207    00197EUR2 2321328787905011225     LIBEVI URSSAF RA CESU PREST
0510207    00197EUR2 2321328787905011225     MMOEUR2000000000198000000000000000
0510207    00197EUR2 2321328787905011225     NPYURSSAF RA CESU PRESTATAIRE
0510207    00197EUR2 2321328787905011225     NBEJARDINAGE A DOMICILE EXPRESS
0510207    00197EUR2 2321328787905011225     IBESIREN
0510207    00197EUR2 2321328787905011225     LCCVRT URSSAF POUR FA-2025-11-1765
0510207    00197EUR2 2321328787905011225     RCNI0000048191412
0410207050500197EUR2E2321328787905011225  011225EUROVIREMENT                     FERUHXU000000000001008{VRT URSSAF POUR
0510207    00197EUR2 2321328787905011225     LIBVRT URSSAF POUR FA-2025-11-1775
0510207    00197EUR2 2321328787905011225     LIBEVI URSSAF RA CESU PREST
0510207    00197EUR2 2321328787905011225     MMOEUR2000000000100800000000000000
0510207    00197EUR2 2321328787905011225     NPYURSSAF RA CESU PRESTATAIRE
0510207    00197EUR2 2321328787905011225     NBEJARDINAGE A DOMICILE EXPRESS
0510207    00197EUR2 2321328787905011225     IBESIREN
0510207    00197EUR2 2321328787905011225     LCCVRT URSSAF POUR FA-2025-11-1775
0510207    00197EUR2 2321328787905011225     RCNI0000048191410
0410207050500197EUR2E2321328787905011225  011225EUROVIREMENT                     FERUI04000000000001896{VRT URSSAF POUR
0510207    00197EUR2 2321328787905011225     LIBVRT URSSAF POUR FA-2025-11-1772
0510207    00197EUR2 2321328787905011225     LIBEVI URSSAF RA CESU PREST
0510207    00197EUR2 2321328787905011225     MMOEUR2000000000189600000000000000
0510207    00197EUR2 2321328787905011225     NPYURSSAF RA CESU PRESTATAIRE
0510207    00197EUR2 2321328787905011225     NBEJARDINAGE A DOMICILE EXPRESS
0510207    00197EUR2 2321328787905011225     IBESIREN
0510207    00197EUR2 2321328787905011225     LCCVRT URSSAF POUR FA-2025-11-1772
0510207    00197EUR2 2321328787905011225     RCNI0000048191414
0410207050500197EUR2E2321328787905011225  011225EUROVIREMENT                     FERUI0L000000000001176{VRT URSSAF POUR
0510207    00197EUR2 2321328787905011225     LIBVRT URSSAF POUR FA-2025-11-1771
0510207    00197EUR2 2321328787905011225     LIBEVI URSSAF RA CESU PREST
0510207    00197EUR2 2321328787905011225     MMOEUR2000000000117600000000000000
0510207    00197EUR2 2321328787905011225     NPYURSSAF RA CESU PRESTATAIRE
0510207    00197EUR2 2321328787905011225     NBEJARDINAGE A DOMICILE EXPRESS
0510207    00197EUR2 2321328787905011225     IBESIREN
0510207    00197EUR2 2321328787905011225     LCCVRT URSSAF POUR FA-2025-11-1771
0510207    00197EUR2 2321328787905011225     RCNI0000048191415
0410207059300197EUR2E2321328787905011225  011225VIR INST                         WFMW2TM000000000000804{0320253351939269
0510207    00197EUR2 2321328787905011225     LIB032025335193926980000001
0510207    00197EUR2 2321328787905011225     LIBFACTURE JARDINAGE
0510207    00197EUR2 2321328787905011225     LIBVIR INST ELIE GERARD M E
0410207022400197EUR2E2321328787999011225  301125ANNUL.FACT.CB                    FEOURI6000000000000036{LW*SNCF CONNECT
0510207    00197EUR2 2321328787999011225     LIBLW*SNCF CONNECT DONT FRAIS  0 00
0510207    00197EUR2 2321328787999011225     LIB3 60EUR 1 EURO   1 000000
0510207    00197EUR2 2321328787999011225     LIB291125 CB****6779
0710207    00197EUR2 23213287879  011225                                                  0000000290813E
0110207    00004EUR2 04004082912  281125SCI ACDB                         COMPTE COURANT   0000000000587L
0710207    00004EUR2 04004082912  011225                                                  0000000000587L
0118707    00128EUR2 31321661517  281125LK DEVELOPPEMENT                 COMPTE COURANT   0000000000000{
0718707    00128EUR2 31321661517  011225                                                  0000000000000{
0110207    00330EUR2 22218136276  281125MLE CLAIRE GUENERIN              COMPTE COURANT   0000000067978D
0410207052400330EUR2E2221813627662011225  281125FRAIS/COTIS                      0011267000000000000131NXCVEP022 2025112
0510207    00330EUR2 2221813627662011225     LIBXCVEP022 2025112800011267000001
0510207    00330EUR2 2221813627662011225     LIBREF OPERATION   L721649
0510207    00330EUR2 2221813627662011225     LIBFRAIS VIR ETRANGER EMIS
0410207053700330EUR2E2221813627608011225  011225EUROPRELEVEMENT                  09W6ONG100000000012928}23239469LL232394
0510207    00330EUR2 2221813627608011225     LIB23239469LL23239469LL R062868279
0510207    00330EUR2 2221813627608011225     LIBFSP416E3007260031022221F8136700
0510207    00330EUR2 2221813627608011225     LIBPRLV SEPA VW BANK FRANCE
0710207    00330EUR2 22218136276  011225                                                  0000000054918I
0110107    00128EUR2 00413066506  281125SOCIETE CIVILE IMMOBILIERE IREM  COMPTE COURANT   0000000085944}
0410107056900128EUR2E0041306650605011225  011225VIREMENT SEPA RECU   569    000  2817053  0000000018096{
0510107    00128EUR2 0041306650605011225     NPYMYTHOLOGIES
0510107    00128EUR2 0041306650605011225     LCCMYTHOLOGIES ODIHO FACT FA2025-088
0510107    00128EUR2 0041306650605011225     RCNODIHO FACT FA2025-088
0510107    00128EUR2 0041306650605011225     LIBSOGEFRPP
0410107056900128EUR2E0041306650605011225  011225VIREMENT SEPA RECU   569    000  2817334  0000000052298C
0510107    00128EUR2 0041306650605011225     NPYPREMIERE VISION SA
0510107    00128EUR2 0041306650605011225     LCC/INV/FA2025-071 30.9.2025/INV/FA2025-053 30.9.20253300001456
0510107    00128EUR2 0041306650605011225     RCNPVSSFRF003647
0510107    00128EUR2 0041306650605011225     LIBCMCIFRPPXXX
0410107035800128EUR2E0041306650662011225  011225COM. INTERVENTION    358    000  15040000 0000000000730Q
0510107    00128EUR2 0041306650662011225     LIB(DONT HORS TAXE E.60 90  TVA TAUX 20 00   E.12 18)
0510107    00128EUR2 0041306650662011225     LIB  7 ECRITURES FACTUREES
0510107    00128EUR2 0041306650662011225     LIBPERIODE DU 01/11/2025 AU 30/11/2025
0410107000000128EUR2E0041306650691011225  011225PRET                 000    P01  0MPAYEE0 0000000003341O
0510107    00128EUR2 0041306650691011225     LIBECHEANCE IMPAYEE DU 27 11 2025
0510107    00128EUR2 0041306650691011225     LIBPRET PROFESSIONNEL
0510107    00128EUR2 0041306650691011225     LIBN 06686304
0710107    00128EUR2 00413066506  011225                                                  0000000019622J
0110107    00228EUR2 00112062804  281125EI AIGU MELANIE                  COMPTE COURANT   0000000628251F
0710107    00228EUR2 00112062804  011225                                                  0000000628251F
0110207    00020EUR2 21213940954  281125EI EMILIE DE SOUSA               COMPTE COURANT   0000000007093N
0410207020600020EUR2E2121394095411011225  281125REMISE CB                        0155319000000000008979BBRUT      902 50
0510207    00020EUR2 2121394095411011225     LIBBRUT      902 50E - COM    4 58E
0510207    00020EUR2 2121394095411011225     LIB                - NB0009/130319
0510207    00020EUR2 2121394095411011225     LIBREMISE CB 5145872013
0410207020600020EUR2E2121394095411011225  281125REMISE CB                        0951617000000000004713{BRUT      473 50
0510207    00020EUR2 2121394095411011225     LIBBRUT      473 50E - COM    2 20E
0510207    00020EUR2 2121394095411011225     LIB                - NB0021/129617
0510207    00020EUR2 2121394095411011225     LIBREMISE CB 5145873010
0410207052400020EUR2E2121394095462011225  271125FRAIS/COTIS                      0061732000000000000214}XCEBR020 2025112
0510207    00020EUR2 2121394095462011225     LIBXCEBR020 2025112700061732000001
0510207    00020EUR2 2121394095462011225     LIB2 OPERATION(S)
0510207    00020EUR2 2121394095462011225     LIBFRAIS PRELEVEMENT REJETE
0410207020600020EUR2E2121394095411011225  011225REMISE CB                        0952705000000000004222GBRUT      424 50
0510207    00020EUR2 2121394095411011225     LIBBRUT      424 50E - COM    2 23E
0510207    00020EUR2 2121394095411011225     LIB                - NB0017/133705
0510207    00020EUR2 2121394095411011225     LIBREMISE CB 5145873010
0410207020600020EUR2E2121394095411011225  011225REMISE CB                        0156245000000000018305CBRUT    1 839 00
0510207    00020EUR2 2121394095411011225     LIBBRUT    1 839 00E - COM    8 47E
0510207    00020EUR2 2121394095411011225     LIB                - NB0020/135245
0510207    00020EUR2 2121394095411011225     LIBREMISE CB 5145872013
0410207020600020EUR2E2121394095411011225  011225REMISE CB                        0157800000000000010765EBRUT    1 081 50
0510207    00020EUR2 2121394095411011225     LIBBRUT    1 081 50E - COM    4 95E
0510207    00020EUR2 2121394095411011225     LIB                - NB0014/191800
0510207    00020EUR2 2121394095411011225     LIBREMISE CB 5145872013
0410207020600020EUR2E2121394095411011225  011225REMISE CB                        0953452000000000004479HBRUT      450 00
0510207    00020EUR2 2121394095411011225     LIBBRUT      450 00E - COM    2 02E
0510207    00020EUR2 2121394095411011225     LIB                - NB0019/193452
0510207    00020EUR2 2121394095411011225     LIBREMISE CB 5145873010
0410207052300020EUR2E2121394095406011225  011225EVI OCCAS CYBER                  3522106100000000013621NV           SARL
0510207    00020EUR2 2121394095406011225     LIBVIREMENT DE SARL BATEAU CHOCOLAT
0510207    00020EUR2 2121394095406011225     LIBFACTURE SEPTEMBRE
0510207    00020EUR2 2121394095406011225     LIBEVI GAMME DES CHEFS
0410207093600020EUR2E2121394095406011225  011225VIR INST PRO                     WFMS7AI100000000004508NP    SARL MAN TI
0510207    00020EUR2 2121394095406011225     LIBPOUR SARL MAN TINE SAVEURS
0510207    00020EUR2 2121394095406011225     LIBFACTURE SEPTEMBRE
0510207    00020EUR2 2121394095406011225     LIBVIR INST SARL MAN TINE S
0410207093600020EUR2E2121394095406011225  011225VIR INST PRO                     WFMY3TQ100000000018071OP    VINS RICHAR
0510207    00020EUR2 2121394095406011225     LIBPOUR VINS RICHARD
0510207    00020EUR2 2121394095406011225     LIBFACTURES AOUT MOINS AVOIR 2024
0510207    00020EUR2 2121394095406011225     LIBVIR INST VINS RICHARD
0410207050500020EUR2E2121394095405011225  011225EUROVIREMENT                     FERV5HL000000000002274DPOP SVCS  DOB
0510207    00020EUR2 2121394095405011225     LIBPOP SVCS  DOB   20251124 - 20251
0510207    00020EUR2 2121394095405011225     LIB130
0510207    00020EUR2 2121394095405011225     LIBEVI STICHTING CUSTODIAN
0510207    00020EUR2 2121394095405011225     MMOEUR2000000000227440000000000000
0510207    00020EUR2 2121394095405011225     NPYSTICHTING CUSTODIAN UBER PAYMENTS
0510207    00020EUR2 2121394095405011225     IPY71400397
0510207    00020EUR2 2121394095405011225     NBEBATEAU CHOCOLATE SARL
0510207    00020EUR2 2121394095405011225     LCCPOP SVCS  DOB   20251124 - 20251130
0510207    00020EUR2 2121394095405011225     RCNWZ07XWD2KAR3RZF
0410207053700020EUR2E2121394095408011225  281125EUROPRELEVEMENT                  09TZD0Y100000000001433N109827
0510207    00020EUR2 2121394095408011225     LIB109827
0510207    00020EUR2 2121394095408011225     LIBBATEAUCHOCOLATE
0510207    00020EUR2 2121394095408011225     LIBPRLV SEPA SPECIALITES AN
0410207053700020EUR2E2121394095408011225  281125EUROPRELEVEMENT                  09X1TQY100000000000069R06     115
0510207    00020EUR2 2121394095408011225     LIB06XXXXX115
0510207    00020EUR2 2121394095408011225     LIBBT1150YLHE939
0510207    00020EUR2 2121394095408011225     LIBPRLV SEPA BOUYGUES TELEC
0710207    00020EUR2 21213940954  011225                                                  0000000008727D
0110107    00118EUR2 00324046259  281125BOUCHERIE EL MANAR               COMPTE COURANT   0000000150091H
0710107    00118EUR2 00324046259  011225                                                  0000000150091H
0110207    00027EUR2 04027030455  281125JOBDOCTOR                     JOBDOCTOR SAS       0000000506878E
0710207    00027EUR2 04027030455  011225                                                  0000000506878E
0118707    00033EUR2 03321029286  281125NORTRADE INTERNATIONAL           COMPTE COURANT EN0000000428161D
0418707052400033EUR2E0332102928662011225  281125FRAIS                            0053153000000000000918RXCCNV107 2025112
0518707    00033EUR2 0332102928662011225     LIBXCCNV107 2025112800053153000001
0518707    00033EUR2 0332102928662011225     LIBCONTRAT CNV2000498647
0518707    00033EUR2 0332102928662011225     LIBCOTIS FREQUENCE PROSERV
0418707022100033EUR2E0332102928607011225  301125LCR DOMICILIEE                   0613195100000000075320R
0518707    00033EUR2 0332102928607011225     LIBLCR CHADAPAUX SAS   3011
0418707022100033EUR2E0332102928607011225  301125LCR DOMICILIEE                   0613196100000000002674Q
0518707    00033EUR2 0332102928607011225     LIBLCR CEDEO - D.S.C.  3011
0418707022100033EUR2E0332102928607011225  301125LCR DOMICILIEE                   0613197100000000002431JECH 30/11/25
0518707    00033EUR2 0332102928607011225     LIBECH 30/11/25
0518707    00033EUR2 0332102928607011225     LIBLCR POINT.P - POINT P ID
0418707022100033EUR2E0332102928607011225  301125LCR DOMICILIEE                   0613198100000000096966K
0518707    00033EUR2 0332102928607011225     LIBLCR CHADAPAUX       3011
0418707022100033EUR2E0332102928607011225  301125LCR DOMICILIEE                   0613199100000000000222KREF TIRE 7804
0518707    00033EUR2 0332102928607011225     LIBREF TIRE 7804
0518707    00033EUR2 0332102928607011225     LIBLCR REXEL FRANCE    3011
0418707022100033EUR2E0332102928607011225  301125LCR DOMICILIEE                   0669059100000000008143KREF TIRE C137OJX
0518707    00033EUR2 0332102928607011225     LIBREF TIRE C137OJX
0518707    00033EUR2 0332102928607011225     LIBLCR TEREVA          3011
0418707004800033EUR2E0332102928602011225  021225REMISE CHEQUE                    3744970100000000056005H
0518707    00033EUR2 0332102928602011225     LIBREM CHQ  DE 5    CHEQUE(
0418707053700033EUR2E0332102928608011225  011225PRLV SEPA                        0GDKVB5100000000006933J24336330CR243363
0518707    00033EUR2 0332102928608011225     LIB24336330CR24336330CR R062961529
0518707    00033EUR2 0332102928608011225     LIBFSP416E3307290001870332F1026800
0518707    00033EUR2 0332102928608011225     LIBPRLV SEPA VW BANK FRANCE
0418707093600033EUR2E0332102928606011225  011225VIR INST                         WM3CIB2100000000028510PP    FABRICE HAM
0518707    00033EUR2 0332102928606011225     LIBPOUR FABRICE HAMY
0518707    00033EUR2 0332102928606011225     LIBSAL NOV
0518707    00033EUR2 0332102928606011225     LIBVIR INST FABRICE HAMY
0418707093600033EUR2E0332102928606011225  011225VIR INST                         WM3CIDD100000000026089RP    FREY M
0518707    00033EUR2 0332102928606011225     LIBPOUR FREY MARIE CHRISTINE
0518707    00033EUR2 0332102928606011225     LIBSAL NOV
0518707    00033EUR2 0332102928606011225     LIBVIR INST FREY MARIE CHRI
0418707093600033EUR2E0332102928606011225  011225VIR INST                         WM3CIF8100000000024996JP    O      W
0518707    00033EUR2 0332102928606011225     LIBPOUR ONALIS WALTER
0518707    00033EUR2 0332102928606011225     LIBSAL NOV
0518707    00033EUR2 0332102928606011225     LIBVIR INST ONALIS WALTER
0418707093600033EUR2E0332102928606011225  011225VIR INST                         WM3CIKP100000000034839KP    PASCAL BOUI
0518707    00033EUR2 0332102928606011225     LIBPOUR PASCAL BOUILLON
0518707    00033EUR2 0332102928606011225     LIBSAL NOV
0518707    00033EUR2 0332102928606011225     LIBVIR INST PASCAL BOUILLON
0418707093600033EUR2E0332102928606011225  011225VIR INST                         WM3CIP1100000000024665MP    F     RIBEI
0518707    00033EUR2 0332102928606011225     LIBPOUR FABIO RIBEIRO
0518707    00033EUR2 0332102928606011225     LIBSAL NOV
0518707    00033EUR2 0332102928606011225     LIBVIR INST FABIO RIBEIRO
0418707093600033EUR2E0332102928606011225  011225VIR INST                         WM3CJ76100000000020000}P    DERUELLE BN
0518707    00033EUR2 0332102928606011225     LIBPOUR DERUELLE BNP
0518707    00033EUR2 0332102928606011225     LIBREMUNERATION GERANCE NOV
0518707    00033EUR2 0332102928606011225     LIBVIR INST DERUELLE BNP
0418707093600033EUR2E0332102928606011225  011225VIR INST                         WM3CQUU100000000002130}P    SAS PARM78
0518707    00033EUR2 0332102928606011225     LIBPOUR SAS PARM78
0518707    00033EUR2 0332102928606011225     LIBFA1382
0518707    00033EUR2 0332102928606011225     LIBVIR INST SAS PARM78
0418707093600033EUR2E0332102928606011225  011225VIR INST                         WM3CQYO100000000002484}P    PROTECT INF
0518707    00033EUR2 0332102928606011225     LIBPOUR PROTECT INFORMATIQUE
0518707    00033EUR2 0332102928606011225     LIBF2015242 ET 269
0518707    00033EUR2 0332102928606011225     LIBVIR INST PROTECT INFORMA
0418707093600033EUR2E0332102928606011225  011225VIR INST                         WM3D1G7100000000000300}P    PAYBYPHONE
0518707    00033EUR2 0332102928606011225     LIBPOUR PAYBYPHONE BUSINESS
0518707    00033EUR2 0332102928606011225     LIBFR76637
0518707    00033EUR2 0332102928606011225     LIBVIR INST PAYBYPHONE BUSI
0418707093600033EUR2E0332102928606011225  011225VIR INST                         WM3D1M8100000000001346OP    SOPRESIE
0518707    00033EUR2 0332102928606011225     LIBPOUR SOPRESIE
0518707    00033EUR2 0332102928606011225     LIBF2501920
0518707    00033EUR2 0332102928606011225     LIBVIR INST SOPRESIE
0718707    00033EUR2 03321029286  011225                                                  0000000125194I