0119106    00015EUR2 44700092044  281125LA PAUSE DETENTE                 COMPTE COURANT   0000000131761C  230
0419106005000015EUR2E44700092044B1011225  011225SOMFY ACTIVITES SA               0000000000000000001069J
0519106    00015EUR2 44700092044B1011225     NBESOMFY ACTIVITES SA
0519106    00015EUR2 44700092044B1011225     IBEFR97ZZZ400911                      SEPA
0519106    00015EUR2 44700092044B1011225     NPYCUERS STORES
0519106    00015EUR2 44700092044B1011225     REF303164648                          01-910060000208732025
0519106    00015EUR2 44700092044B1011225     RUMSOMFY-0000003725                   RCUR
0519106    00015EUR2 44700092044B1011225     CPYFR7619106000154470009440295
0719106    00015EUR2 44700092044  011225                                                  0000000130692B
0116606    00001EUR2 84881930507  281125PHI & AL                         COMPTE COURANT   0000000033633F  230
0416606000000001EUR2E84881930507C2011225  011225VIR INST DE MME SALOME DURAND    0000000100000000018900{
0516606    00001EUR2 84881930507C2011225     NPYMME SALOME DURAND
0516606    00001EUR2 84881930507C2011225     NBEAURELIE DJEDJE - LAPORTE ALEXANDRE
0516606    00001EUR2 84881930507C2011225     RCN032025335192522660000001
0516606    00001EUR2 84881930507C2011225     REF020000001568260003000000404D5347   F5C8036E61664C3BBD479A8374D36647
0516606    00001EUR2 84881930507C2011225     CBEFR7616606000018488193705046
0716606    00001EUR2 84881930507  011225                                                  0000000052533F
0116106    00021EUR2 86409199433  281125MLLE PODEVIN PASCALE             LA CORVETTE      0000000018678I  230
0716106    00021EUR2 86409199433  011225        ------------------------------            0000000018678I
0116606    00001EUR2 84870140652  281125SAS NOOSA PIZZA   SERVAIS INGRID COMPTE COURANT   0000000040767E  230
0716606    00001EUR2 84870140652  011225        ------------------------------            0000000040767E
0116606    00001EUR2 84857750987  281125AGP RENOVATION                   COMPTE COURANT   0000000078218I  230
0416606000000001EUR2E84857750987C2011225  011225VIR INST DE MADEMOISELLE AIDA M  0000000100000000013600{
0516606    00001EUR2 84857750987C2011225     NPYMADEMOISELLE AIDA MADKOUR
0516606    00001EUR2 84857750987C2011225     NBEALEXANDRE LAPORTE
0516606    00001EUR2 84857750987C2011225     LCCLOYER
0516606    00001EUR2 84857750987C2011225     REF240000001DA9460007000000404D5347   8455C1BA97FC43B7A4059BF8D2CB978F
0516606    00001EUR2 84857750987C2011225     CBEFR7616606000018485775789053
0716606    00001EUR2 84857750987  011225                                                  0000000091818I
0116106    00021EUR2 86405041234  281125TREXSO                           COMPTE COURANT   0000000004504F  230
0716106    00021EUR2 86405041234  011225        ------------------------------            0000000004504F