0130003    02828EUR2 00020160382  281125EIRL M ZHANG MARC                COMPTE COURANT   0000002349605E
0730003    02828EUR2 00020160382  011225                                                  0000002349605E
0130002    00629EUR2 0000007Y941  281125EURL PRARELO                     COMPTE COURANT   0000000594869E
0730002    00629EUR2 0000007Y941  011225                                                  0000000594869E
0116706    05059EUR2 54004705276  281125RBL                           RBL                 0000000085995{  195
0416706005205059EUR2E5400470527611011225  011225CARTE X8934 JVS DISTRIBUTION SA  0000000000000000000076J
0716706    05059EUR2 54004705276  011225                                                  0000000085918I
0117515RLV 00092EUR2 08000510455  291125L.I.V.IMMO                       COMPTE COURANT   0000000216413B        DATALYS
0417515RLV 00092EUR2E0800051045518011225  011225VIR INST ARNAUD DANDOY           22965581 0000000002050{
0517515    00092EUR2 0800051045518011225     LIB2533522I40069027          25335K
0517515    00092EUR2 0800051045518011225     NPYARNAUD DANDOY
0517515    00092EUR2 0800051045518011225     NBETRAVERT PLOMBERIE CHAUFFAGE
0517515    00092EUR2 0800051045518011225     LCCFACTURE N. 303 102025 /  CONTRAT D.ENTRETIE N. 1398241025
0517515    00092EUR2 0800051045518011225     RCNNOTPROVIDED
0517515    00092EUR2 0800051045518011225     REF                                   REVITR25120103683318061
0417515RLV 00092EUR2E08000510455B1011225  011225*++1E00015764PROBTP FORMATION-A  03748991 0000000000407}
0517515    00092EUR2 08000510455B1011225     LIB*++1E00015764PROBTP FORMATION A
0517515    00092EUR2 08000510455B1011225     NPYTPC
0517515    00092EUR2 08000510455B1011225     IPY71136036.78                        PRVID
0517515    00092EUR2 08000510455B1011225     LCCCNRO 71136036.7810530 DU 301125
0517515    00092EUR2 08000510455B1011225     RCNCNRO 71136036.7810530 DU 301125
0517515    00092EUR2 08000510455B1011225     RUM++1E000157644C                     RCUR
0517515    00092EUR2 08000510455B1011225     CPYFR7617515000920800051554035
0517515    00092EUR2 08000510455B1011225     NBEPROBTP FORMATION ASSOCIATION DE PROTECTION SOCIALE DU BAT
0517515    00092EUR2 08000510455B1011225     IBEFR28ZZZ436588                      SEPA
0717515RLV 00092EUR2 08000510455  011225                                                  0000000218056B