0110207    00052EUR2 22217782342  031225LK DEVELOPPEMENT                 COMPTE COURANT   0000001656402B
0710207    00052EUR2 22217782342  041225                                                  0000001656402B
0110107    00342EUR2 00929031259  031225SOCIETE CIVILE IMMOBILIERE IREM  COMPTE COURANT   0000000086232G
0410107005000342EUR2E0092903125904041225  041225VERSEMENT            050    000  5208592  0000000001536E
0410107005000342EUR2E0092903125904041225  041225VERSEMENT            050    000  1264309  0000000012950{
0410107056900342EUR2E0092903125905041225  041225VIREMENT SEPA RECU   569    000  2819027  0000000001544{
0510107    00342EUR2 0092903125905041225     NPYEDENRED FRANCE
0510107    00342EUR2 0092903125905041225     LCCERF-TRD-2027227-02122025-1
0510107    00342EUR2 0092903125905041225     RCNVSCT-TX-64662
0510107    00342EUR2 0092903125905041225     LIBSOGEFRPPXXX
0410107056900342EUR2E0092903125905041225  041225VIREMENT SEPA RECU   569    000  2820059  0000000000573H
0510107    00342EUR2 0092903125905041225     NPYPLUXEE FRANCE
0510107    00342EUR2 0092903125905041225     RCNSOD-TRD-2027227-30112025
0510107    00342EUR2 0092903125905041225     LIBSOGEFRPPXXX
0410107056900342EUR2E0092903125905041225  041225VIREMENT SEPA RECU   569    000  2820161  0000000000055{
0510107    00342EUR2 0092903125905041225     NPYUP COOP
0510107    00342EUR2 0092903125905041225     LCCCDJ-TRD-2027227-20251203-03
0510107    00342EUR2 0092903125905041225     RCN001DCLTA55NP1
0510107    00342EUR2 0092903125905041225     LIBCCOPFRPPXXX
0410107020700342EUR2E0092903125930041225  041225REMISE CB            207    000  0120842  0000000000057F
0510107    00342EUR2 0092903125930041225     LIBMT. BRUT.           5 80 EUR REF. 5123018001
0510107    00342EUR2 0092903125930041225     LIB(FRAIS E.    0 04 DONT HT E.    0 03
0510107    00342EUR2 0092903125930041225     LIBTVA TAUX 20 00   E.    0 01)
0410107020700342EUR2E0092903125930041225  041225REMISE CB            207    000  0120958  0000000005561B
0510107    00342EUR2 0092903125930041225     LIBMT. BRUT.         560 15 EUR REF. 5123028001
0510107    00342EUR2 0092903125930041225     LIB(FRAIS E.    4 03 DONT HT E.    3 36
0510107    00342EUR2 0092903125930041225     LIBTVA TAUX 20 00   E.    0 67)
0410107056800342EUR2E0092903125906041225  041225VIREMENT SEPA EMIS   568    000  90041870 0000000000960}
0510107    00342EUR2 0092903125906041225     NBEVALBUSA FREDERIC
0510107    00342EUR2 0092903125906041225     LCCFACTURE F2025-2544 - BOULANGERIE PIEKARZ
0510107    00342EUR2 0092903125906041225     LIBCMCIFRP1MON
0410107087600342EUR2E00929031259C1041225  041225VIREMENT INST. EMIS  876    000  5EEB3B70 0000000016093L
0510107    00342EUR2 00929031259C1041225     NBEJULIETTE HERBIN
0510107    00342EUR2 00929031259C1041225     LCCNOVEMBRE 2025
0510107    00342EUR2 00929031259C1041225     RCNNOTPROVIDED
0510107    00342EUR2 00929031259C1041225     LIBAGRIFRPP887
0510107    00342EUR2 00929031259C1041225     LIB04/12/2025 07 43 41 CET
0410107087600342EUR2E00929031259C1041225  041225VIREMENT INST. EMIS  876    000  8CE09930 0000000015067J
0510107    00342EUR2 00929031259C1041225     NBEANTHONY LELY
0510107    00342EUR2 00929031259C1041225     RCNNOTPROVIDED
0510107    00342EUR2 00929031259C1041225     LIBCMCIFRPPXXX
0510107    00342EUR2 00929031259C1041225     LIB04/12/2025 07 44 27 CET
0410107087600342EUR2E00929031259C1041225  041225VIREMENT INST. EMIS  876    000  7E49CAD0 0000000010000}
0510107    00342EUR2 00929031259C1041225     NBEPIEKARZ
0510107    00342EUR2 00929031259C1041225     RCNNOTPROVIDED
0510107    00342EUR2 00929031259C1041225     LIBSWNBFR22XXX
0510107    00342EUR2 00929031259C1041225     LIB04/12/2025 16 47 45 CET
0410107087600342EUR2E00929031259C1041225  041225VIREMENT INST. EMIS  876    000  C5A72CA0 0000000040000}
0510107    00342EUR2 00929031259C1041225     NBEPIEKARZ
0510107    00342EUR2 00929031259C1041225     RCNNOTPROVIDED
0510107    00342EUR2 00929031259C1041225     LIBSWNBFR22XXX
0510107    00342EUR2 00929031259C1041225     LIB04/12/2025 16 48 28 CET
0410107001100342EUR2E0092903125901041225  041225CHEQUE PAIEMENT      011    000  86414250 0000000001400}
0410107051800342EUR2E00929031259B1041225  041225PRELEVEMENT SEPA     518    000  28184580 0000000011840}
0510107    00342EUR2 00929031259B1041225     NBEEDF
0510107    00342EUR2 00929031259B1041225     LCCPIEKARZ                  REF EDF 5279773669 RUM MA970000688296   2025-
0510107    00342EUR2 00929031259B1041225     LC212-04
0510107    00342EUR2 00929031259B1041225     IBEFR47EDF001007                      SEPA
0510107    00342EUR2 00929031259B1041225     RUMMA970000688296                     RCUR
0510107    00342EUR2 00929031259B1041225     RCNZ005279773669 99285 2   FELIX   992
0410107051800342EUR2E00929031259B1041225  041225PRELEVEMENT SEPA     518    000  28190400 0000000002331M
0510107    00342EUR2 00929031259B1041225     NBEGRANDS MOULINS DE PARIS
0510107    00342EUR2 00929031259B1041225     LCCFACT1403392168
0510107    00342EUR2 00929031259B1041225     IBEFR34ZZZ005024                      SEPA
0510107    00342EUR2 00929031259B1041225     RUMSLMP007802562                      RCUR
0510107    00342EUR2 00929031259B1041225     RCNMARCH252119001536112025
0710107    00342EUR2 00929031259  041225                                                  0000000010819{
0110207    00007EUR2 22219897503  031225S.C.I. DAM                       COMPTE COURANT   0000000319191{
0710207    00007EUR2 22219897503  041225                                                  0000000319191{
0110107    00342EUR2 00312077208  031225AGP RENOVATION                   COMPTE COURANT   0000000038396G
0410107087700342EUR2E00312077208C2041225  041225VIREMENT INST. RECU  877    000  T253380  0000000017065A
0510107    00342EUR2 00312077208C2041225     NPYGIE   GT6 TAXIS
0510107    00342EUR2 00312077208C2041225     LCCSOUS TRAITANCE ASSISTANCE NOVEMBRE
0510107    00342EUR2 00312077208C2041225     RCNPOUR TAXI YMRAN KHAN
0510107    00342EUR2 00312077208C2041225     LIBCCBPFRPPDJN
0510107    00342EUR2 00312077208C2041225     LIB04/12/2025 14 28 37 CET
0410107003800342EUR2E0031207720811041225  041225TRANSACTION CARTE    038    000  84435880 0000000000795K
0510107    00342EUR2 0031207720811041225     LIBSHELL 3339      LE 02/12/25  CB.XXXXX4122
0510107    00342EUR2 0031207720811041225     LIBORIGINE   FRANCE            MONTANT   79 52 EUR
0410107003800342EUR2E0031207720811041225  041225TRANSACTION CARTE    038    000  53374320 0000000000139N
0510107    00342EUR2 0031207720811041225     LIBAUCHAN SUP 228  LE 03/12/25  CB.XXXXX4122
0510107    00342EUR2 0031207720811041225     LIBORIGINE   FRANCE            MONTANT   13 95 EUR
0410107003800342EUR2E0031207720811041225  041225TRANSACTION CARTE    038    000  53381110 0000000000105}
0510107    00342EUR2 0031207720811041225     LIBNELYA           LE 03/12/25  CB.XXXXX4122
0510107    00342EUR2 0031207720811041225     LIBORIGINE   FRANCE            MONTANT   10 50 EUR
0410107087600342EUR2E00312077208C1041225  041225VIREMENT INST. EMIS  876    000  E03FF500 0000000018200}
0510107    00342EUR2 00312077208C1041225     NBETAXI SERVICE
0510107    00342EUR2 00312077208C1041225     LCCSOUS-TRAITANCE
0510107    00342EUR2 00312077208C1041225     RCNNOTPROVIDED
0510107    00342EUR2 00312077208C1041225     LIBQNTOFRP1XXX
0510107    00342EUR2 00312077208C1041225     LIB04/12/2025 17 16 28 CET
0710107    00342EUR2 00312077208  041225                                                  0000000036222A