0117515RLV 00092EUR2 08000510455  011225L.I.V.IMMO                       COMPTE COURANT   0000000218056B        DATALYS
0417515RLV 00092EUR2E0800051045507021225  301125LCR 683873 RLV 00000359          98857210 0000000037221J
0517515    00092EUR2 0800051045507021225     LIBSCHMITT NEY SFC
0417515RLV 00092EUR2E0800051045518021225  021225VIR INST GUILLAUME FAUVEAU       16270891 0000000001920{
0517515    00092EUR2 0800051045518021225     LIB2533622I40111592          25336O
0517515    00092EUR2 0800051045518021225     NPYGUILLAUME FAUVEAU
0517515    00092EUR2 0800051045518021225     NBET P C
0517515    00092EUR2 0800051045518021225     LCCVIREMENT DE GUILLAUME FAUVEAU
0517515    00092EUR2 0800051045518021225     RCNNOTPROVIDED
0517515    00092EUR2 0800051045518021225     REF                                   +KVIOP583678806138TE
0417515RLV 00092EUR2E08000510455B1021225  021225*++1E00015764PROBTP ADP-ASSOCIA  55518951 0000000005059L
0517515    00092EUR2 08000510455B1021225     LIB*++1E00015764PROBTP ADP ASSOCIA
0517515    00092EUR2 08000510455B1021225     NPYTPC
0517515    00092EUR2 08000510455B1021225     IPY71136036.78                        PRVID
0517515    00092EUR2 08000510455B1021225     LCCCNRO 71136036.7810529 DU 301125
0517515    00092EUR2 08000510455B1021225     RCNCNRO 71136036.7810529 DU 301125
0517515    00092EUR2 08000510455B1021225     RUM++1E000157644C                     RCUR
0517515    00092EUR2 08000510455B1021225     CPYFR7617515000920800051554035
0517515    00092EUR2 08000510455B1021225     NBEPROBTP ADP ASSOCIATION DE PROTECTION SOCIALE DU BAT
0517515    00092EUR2 08000510455B1021225     IBEFR28ZZZ436588                      SEPA
0717515RLV 00092EUR2 08000510455  021225                                                  0000000177695H