0116958    00001EUR2 81164564927  251125SCP MBA                          COMPTE COURANT   0000000202303E
0416958    00001EUR2 8116456492711291125  291125QUICK TOURNAI                             0000000000117K
0516958    00001EUR2 8116456492711291125     LIBCARTE ***0561
0416958    00001EUR2 8116456492706291125  291125BADRI MADJID                              0000000010000}
0516958    00001EUR2 8116456492706291125     LIBACOMPTE NOVEMBRE 2025
0416958    00001EUR2 8116456492706291125  291125HERZALLAH AYOUB                           0000000010000}
0516958    00001EUR2 8116456492706291125     LIBACOMPTE NOVEMBRE 2025
0416958    00001EUR2 8116456492706291125  291125BADRI MOHAMED                             0000000005000}
0516958    00001EUR2 8116456492706291125     LIBACOMPTE NOVEMBRE 2025
0716958    00001EUR2 81164564927  291125                                                  0000000177186C
0116958    00001EUR2 08601017196  281125** PAS DE MOUVEMENT CE JOUR **                    0000000181979A
0416958    00001EUR2 0860101719606291125  291125HICHAM YAHYAOUI                           0000000005000}
0516958    00001EUR2 0860101719606291125     LIBQUITTANCE 12.25
0716958    00001EUR2 08601017196  291125                                                  0000000176979A