0130066    10383EUR2 00020481063  031225EI AIGU MELANIE                  COMPTE COURANT   0000000531400E031225041225
0730066    10383EUR2 00020481063  041225                                                  0000000531400E
0110278    06062EUR2 00020942038  031225SC DIOT INVEST                   COMPTE COURANT   0000000009456I031225041225
0710278    06062EUR2 00020942038  041225                                                  0000000009456I
0130087    33780EUR2 00020051034  031225PLOMBERIE PLISSON                COMPTE COURANT   0000000020800{031225041225
0430087085533780EUR2 0002005103495031225  031225GDC 300873378000020050501        0050501100000000020800}
0430087023533780EUR2 0002005103404041225  041225007264766 PLV000023293 03122025  3122025 00000000027100{
0530087    33780EUR2 0002005103404041225     LIB2710 00   B MAGDIJON
0730087    33780EUR2 00020051034  041225                                                  0000000027100{