0118079    75335EUR2 02618780483  031225BERGUERIE PHILIPPE                                0000003639572A0000
0418079    75335EUR2E0261878048306041225  041225VIR PILLET                       00000000 0000000001591N
0518079    75335EUR2 0261878048306041225     NBEPILLET
0518079    75335EUR2 0261878048306041225     LCCDE FI CO 12533963 - FAC 12533963
0518079    75335EUR2 0261878048306041225     RCNFAC 12533963
0718079    75335EUR2 02618780483  041225                                                  0000003637980F
0118079    92214EUR2 02366320458  031225COMBAT AVOCATS                Compte courant Comb 0000000133834A0000
0718079    92214EUR2 02366320458  041225                                                  0000000133834A