0130004    00777EUR2 00000192376  011225SCI FABRICE                      COMPTE COURANT   0000000039815G
0430004620100777EUR2 0000019237664021225  021225COTISATION A UNE OFFRE GROUPEE   00000001 0000000000141NDE SERVICES ESPR
0530004    00777EUR2 0000019237664021225     LIBIT LIBRE
0730004    00777EUR2 00000192376  021225                                                  0000000039674B
0130004    00969EUR2 00010119059  011225STOORM                           CCE STOORM       0000000872950C
0430004009900969EUR2 0001011905930011225  0212250112 N.29015 DE 75PARIS 5        229015   0000000000655A   N.COM.4512923
0530004    00969EUR2 0001011905930011225     LIB0112 N.29015 DE 75PARIS 5 N.COM.4512923011
0430004009900969EUR2 0001011905930011225  0212250112 N.17986 DE 75PARIS 05       217986   0000000001075{   N.COM.4118705
0530004    00969EUR2 0001011905930011225     LIB0112 N.17986 DE 75PARIS 05 N.COM.4118705012
0430004009900969EUR2 0001011905930011225  0212250112 N.27777 DE 75PARIS 5        227777   0000000014285A   N.COM.4669517
0530004    00969EUR2 0001011905930011225     LIB0112 N.27777 DE 75PARIS 5 N.COM.4669517011
0430004001200969EUR2 0001011905962021225  02122533525477370ICORPORATE CARD25113  00000001 0000000000147}0
0430004081300969EUR2 00010119059B1021225  021225PRLV SEPA/SWILE                         0 0000000000343MFR74ZZZ838795
0530004    00969EUR2 00010119059B1021225     NBESWILE
0530004    00969EUR2 00010119059B1021225     IBEFR74ZZZ838795
0530004    00969EUR2 00010119059B1021225     LCCSWILE TRANSFER-148957-8098471
0530004    00969EUR2 00010119059B1021225     RCN362E9B8577E24973A1779628E11DC5DA
0530004    00969EUR2 00010119059B1021225     RUMSWILE-47900436800011-010618        RCUR
0430004009900969EUR2 0001011905930021225  0212250212 N.67360 DE 75PARIS 05       267360   0000000006355E   N.COM.4118705
0530004    00969EUR2 0001011905930021225     LIB0212 N.67360 DE 75PARIS 05 N.COM.4118705012
0430004620100969EUR2 0001011905964021225  101225FACTURE NUMERO 2025120113167843  00000001 0000000000331Q8
0730004    00969EUR2 00010119059  021225                                                  0000000894498H
0130003    01553EUR2 00020046274  011225SNC LEITE 95                     SNC LEITE 95     0000000019977H
0730003    01553EUR2 00020046274  021225                                                  0000000019977H
0130004    00079EUR2 00010428299  011225AGENCE LOCALE D               ALEC SUD PARISIENNE 0000000533622C
0430004620100079EUR2 0001042829964021225  101225FACTURE NUMERO 2025120113131264  00000001 0000000000628}0
0730004    00079EUR2 00010428299  021225                                                  0000000532994C
0130003    01553EUR2 00020063825  011225SULINSKI DELPHINE                COMPTE COURANT   0000000313291H
0430003201001553EUR2 000200638256202122500301125CIONS TENUE DE COMPTE            00000001 0000000000211O
0530003    01553EUR2 0002006382562021225     LIBAU 30/11/25
0530003    01553EUR2 0002006382562021225     LIB-CION MOUVEMENT EUR       21 16
0530003    01553EUR2 0002006382562021225     LIBAU DELA DU SEUIL JAZZ PRO
0430003432001553EUR2 00020063825B102122500021225CNRO 60470750PROBTP ADP-ASSOCIA  32453770 0000000014454O6203245377
0530003    01553EUR2 00020063825B1021225     NBEPROBTP ADP-ASSOCIATION DE PROTECTION SOCIALE DU BAT
0530003    01553EUR2 00020063825B1021225     IBEFR28ZZZ436588
0530003    01553EUR2 00020063825B1021225     LCCCNRO 60470750.2013589 DU 301125
0530003    01553EUR2 00020063825B1021225     RCNCNRO 60470750.2013589 DU 301125
0730003    01553EUR2 00020063825  021225                                                  0000000298625F
0130004    00777EUR2 00010017648  011225NEXTTICK                         COMPTE COURANT   0000000127772G
0430004620100777EUR2 0001001764864021225  101225FACTURE NUMERO 2025120113157731  00000001 0000000000199L3
0730004    00777EUR2 00010017648  021225                                                  0000000127573D
0130002    01140EUR2 0000072L002  011225DSCM                             COMPTE COURANT   0000000005357E
0430002606301140EUR2E0000072L0026201122500011225ABONNEMENT FORMULE ZEN PRO       0000000100000000000364R2580000000000000
0430002606601140EUR2E0000072L0026201122500011225 ABON LCL ACCESS 004 20EUR       0000000000000000000042}3990114005413996
0430002606601140EUR2E0000072L0026201122500011225ABONNEMENT LCL AVERTIS           0000000000000000000032N3990114006507090
0430002111701140EUR2E0000072L0023002122500021225REMISE CB NO 819540 DU 021225    0819540000000000005108E3902520493004819
0430002111701140EUR2E0000072L0023002122500021225REMISE CB NO 819517 DU 021225    0819517000000000000149{3902520493004819
0430002112601140EUR2E0000072L002B102122500021225PRLV SEPA AXE EXPERTISE ASSOCIE  0000000000000000004800}4020212000000350
0530002    01140EUR2 0000072L002B1021225     NBEAXE EXPERTISE ASSOCIES
0530002    01140EUR2 0000072L002B1021225     IBEFR58ZZZ594158                      SEPA
0530002    01140EUR2 0000072L002B1021225     RUMZA1                                RCUR
0530002    01140EUR2 0000072L002B1021225     LCCF-2025-41267 PP30740092
0530002    01140EUR2 0000072L002B1021225     RCNPP30740092
0430002112601140EUR2E0000072L002B102122500021225PRLV SEPA SWILE                  0000000000000000000162}4020212000000350
0530002    01140EUR2 0000072L002B1021225     NBESWILE
0530002    01140EUR2 0000072L002B1021225     IBEFR74ZZZ838795                      SEPA
0530002    01140EUR2 0000072L002B1021225     RUMSWILE-49020660400012-100919        RCUR
0530002    01140EUR2 0000072L002B1021225     LCCSWILE TRANSFER-208324-8132495
0530002    01140EUR2 0000072L002B1021225     RCN9C165E0F48CC40FE9C157E2B60AFF815
0430002607001140EUR2E0000072L0026202122500021225COMMISSIONS SUR REMISE CB        0819540100000000000030M3922520493004819
0530002    01140EUR2 0000072L00262021225     LIBNO 819540 DU 021225            99
0430002607001140EUR2E0000072L0026202122500021225COMMISSIONS SUR REMISE CB        0819517100000000000000Q3922520493004819
0530002    01140EUR2 0000072L00262021225     LIBNO 819517 DU 021225            99
0730002    01140EUR2 0000072L002  021225                                                  0000000005182D
0130003    01315EUR2 00020235828  011225PREVENTECH                       COMPTE COURANT   0000000388183D
0430003201001315EUR2 000202358286202122500301125CIONS TENUE DE COMPTE            00000001 0000000000444O
0530003    01315EUR2 0002023582862021225     LIBAU 30/11/25
0530003    01315EUR2 0002023582862021225     LIB-CION MOUVEMENT EUR       44 46
0530003    01315EUR2 0002023582862021225     LIBAU DELA DU SEUIL JAZZ PRO
0730003    01315EUR2 00020235828  021225                                                  0000000387738H
0130003    01553EUR2 00020052464  011225LA PAUSE DETENTE                 COMPTE COURANT   0000000079827B
0430003416001553EUR2 000200524647202122500291125ECHEANCE PRET N 211305005107     50051071 0000000009753P
0530003    01553EUR2 0002005246472021225     LIBCAPITAL AMORTI   866 34
0530003    01553EUR2 0002005246472021225     LIBINTERETS   70 15
0530003    01553EUR2 0002005246472021225     LIBASSURANCE   38 88
0530003    01553EUR2 0002005246472021225     LIBCAPITAL RESTANT   16 671 53
0730003    01553EUR2 00020052464  021225                                                  0000000070073E