0120041    01005EUR2 2724317620J  011225AGP RENOVATION                   COMPTE COURANT   0000009518413A
0420041851001005EUR2E2724317620J18021225  021225VIRTRECU SCT                     00000001 0000000000948{
0520041    01005EUR2 2724317620J18021225     NPYSARL  HBM
0520041    01005EUR2 2724317620J18021225     RCNNOT PROVIDED
0520041    01005EUR2 2724317620J18021225     LCCDEV2025-12-08704
0520041    01005EUR2 2724317620J18021225     LIBCCBPFRPPMTZFR7614707500537021375664396
0520041    01005EUR2 2724317620J18021225     MMOEUR20000000000948000
0420041851001005EUR2E2724317620JC2021225  021225VIRTRECU SCTINST                 00000001 0000000007676D
0520041    01005EUR2 2724317620JC2021225     NPYM.OU MME LECLERE GILLES
0520041    01005EUR2 2724317620JC2021225     RCNeuro diffusion
0520041    01005EUR2 2724317620JC2021225     LIBAGRIFRPP861FR7616106100258641255673208
0520041    01005EUR2 2724317620JC2021225     NBESAS EURO DIFFUSION
0420041851001005EUR2E2724317620JC2021225  021225VIRTRECU SCTINST                 00000001 0000000012348{
0520041    01005EUR2 2724317620JC2021225     NPYLAURENT PATRICK
0520041    01005EUR2 2724317620JC2021225     RCNcll120251206233
0520041    01005EUR2 2724317620JC2021225     LCCdalle ardoise
0520041    01005EUR2 2724317620JC2021225     LIBAGRIFRPP860FR7616006360115771480011052
0520041    01005EUR2 2724317620JC2021225     NBESAS EURO DIFFUSION
0420041851001005EUR2E2724317620J18021225  021225VIRTRECU SCT                     00000001 0000000018768{
0520041    01005EUR2 2724317620J18021225     NPYGUIMA PALFINGER
0520041    01005EUR2 2724317620J18021225     RCN1711320329
0520041    01005EUR2 2724317620J18021225     LCC/INV/FAC2025-11-03899 18.11.2025
0520041    01005EUR2 2724317620J18021225     LIBCCFRFRPPXXXFR7630056005080508000022720
0520041    01005EUR2 2724317620J18021225     MMOEUR20000000018768000
0720041    01005EUR2 2724317620J  021225                                                  0000009558153E0000000000000{