0117515RLV 90000EUR2 08014551451  011225LE KIOSQUE                       COMPTE COURANT   0000000561456A        DATALYS
0417515RLV 90000EUR2E0801455145130021225  011225CB L ETINCELLE       011225      01184421 0000000003292{
0517515    90000EUR2 0801455145130021225     LIBCONTRAT 8948394     REM 118442
0417515RLV 90000EUR2E0801455145130021225  011225CB L ETINCELLE       011225      01218361 0000000010798{
0517515    90000EUR2 0801455145130021225     LIBCONTRAT 8948395     REM 121836
0417515RLV 90000EUR2E0801455145162021225  011225*CB COM L ETINCELLE 011225       40497951 0000000000011O
0517515    90000EUR2 0801455145162021225     LIBCONTRAT 8948394 REM 118442
0417515RLV 90000EUR2E0801455145162021225  011225*CB COM L ETINCELLE 011225       40585231 0000000000056}
0517515    90000EUR2 0801455145162021225     LIBCONTRAT 8948395 REM 121836
0417515RLV 90000EUR2E0801455145106021225  021225VIR INST CYRIL  CHAUVET          79862611 0000000018190K
0517515    90000EUR2 0801455145106021225     LIB2533622I10130970          25336P
0517515    90000EUR2 0801455145106021225     NPYL ETINCELLE
0517515    90000EUR2 0801455145106021225     IPY17515900000801455154191            ORGID
0517515    90000EUR2 0801455145106021225     NBECYRIL  CHAUVET
0517515    90000EUR2 0801455145106021225     IBEFR7610278060760003809984147        ORGID
0517515    90000EUR2 0801455145106021225     LCCVIREMENT INSTANTANE
0517515    90000EUR2 0801455145106021225     RCNVIREMENT VERS CYRIL CHAUVET
0517515    90000EUR2 0801455145106021225     REF                                   2533622I10130970CEN2025 12 02IP
0417515RLV 90000EUR2E0801455145106021225  021225VIR INST GHILES CHIKH            27536821 0000000016014N
0517515    90000EUR2 0801455145106021225     LIB2533622I10131111          25336P
0517515    90000EUR2 0801455145106021225     NPYL ETINCELLE
0517515    90000EUR2 0801455145106021225     IPY17515900000801455154191            ORGID
0517515    90000EUR2 0801455145106021225     NBEGHILES CHIKH
0517515    90000EUR2 0801455145106021225     IBEFR3620041000014714583C02068        ORGID
0517515    90000EUR2 0801455145106021225     LCCVIREMENT INSTANTANE
0517515    90000EUR2 0801455145106021225     RCNVIREMENT VERS GHILES CHIKH
0517515    90000EUR2 0801455145106021225     REF                                   2533622I10131111CEN2025 12 02IP
0417515RLV 90000EUR2E0801455145106021225  021225VIR INST GRIB AGHILES            86979491 0000000013855O
0517515    90000EUR2 0801455145106021225     LIB2533622I10131360          25336P
0517515    90000EUR2 0801455145106021225     NPYL ETINCELLE
0517515    90000EUR2 0801455145106021225     IPY17515900000801455154191            ORGID
0517515    90000EUR2 0801455145106021225     NBEGRIB AGHILES
0517515    90000EUR2 0801455145106021225     IBEFR7630004020510000148616745        ORGID
0517515    90000EUR2 0801455145106021225     LCCVIREMENT INSTANTANE
0517515    90000EUR2 0801455145106021225     RCNVIREMENT VERS GRIB AGHILES
0517515    90000EUR2 0801455145106021225     REF                                   2533622I10131360CEN2025 12 02IP
0417515RLV 90000EUR2E0801455145106021225  021225VIR INST KABIR MUHAMED  HUMAYU   83488971 0000000010641J
0517515    90000EUR2 0801455145106021225     LIB2533622I10131775          25336P
0517515    90000EUR2 0801455145106021225     NPYL ETINCELLE
0517515    90000EUR2 0801455145106021225     IPY17515900000801455154191            ORGID
0517515    90000EUR2 0801455145106021225     NBEKABIR MUHAMED  HUMAYUN
0517515    90000EUR2 0801455145106021225     IBEFR7230002005360000022758B86        ORGID
0517515    90000EUR2 0801455145106021225     LCCVIREMENT INSTANTANE
0517515    90000EUR2 0801455145106021225     RCNVIREMENT VERS KABIR MUHAMED HUMAYU
0517515    90000EUR2 0801455145106021225     REF                                   2533622I10131775CEN2025 12 02IP
0417515RLV 90000EUR2E0801455145106021225  021225VIR INST KEVIN MACE              76578221 0000000011422O
0517515    90000EUR2 0801455145106021225     LIB2533622I10131539          25336P
0517515    90000EUR2 0801455145106021225     NPYL ETINCELLE
0517515    90000EUR2 0801455145106021225     IPY17515900000801455154191            ORGID
0517515    90000EUR2 0801455145106021225     NBEKEVIN MACE
0517515    90000EUR2 0801455145106021225     IBEFR7611006416005210945295510        ORGID
0517515    90000EUR2 0801455145106021225     LCCVIREMENT INSTANTANE
0517515    90000EUR2 0801455145106021225     RCNVIREMENT VERS KEVIN MACE
0517515    90000EUR2 0801455145106021225     REF                                   2533622I10131539CEN2025 12 02IP
0417515RLV 90000EUR2E0801455145106021225  021225VIR INST MOHAMED ABOUZINE        81984371 0000000011636O
0517515    90000EUR2 0801455145106021225     LIB2533622I10130804          25336P
0517515    90000EUR2 0801455145106021225     NPYL ETINCELLE
0517515    90000EUR2 0801455145106021225     IPY17515900000801455154191            ORGID
0517515    90000EUR2 0801455145106021225     NBEMOHAMED ABOUZINE
0517515    90000EUR2 0801455145106021225     IBEFR7610107001250071125317147        ORGID
0517515    90000EUR2 0801455145106021225     LCCVIREMENT INSTANTANE
0517515    90000EUR2 0801455145106021225     RCNVIREMENT VERS MOHAMED ABOUZINE
0517515    90000EUR2 0801455145106021225     REF                                   2533622I10130804CEN2025 12 02IP
0417515RLV 90000EUR2E0801455145106021225  021225VIR INST SOKRI NADIR             98866571 0000000017655R
0517515    90000EUR2 0801455145106021225     LIB2533622I10131965          25336P
0517515    90000EUR2 0801455145106021225     NPYL ETINCELLE
0517515    90000EUR2 0801455145106021225     IPY17515900000801455154191            ORGID
0517515    90000EUR2 0801455145106021225     NBESOKRI NADIR
0517515    90000EUR2 0801455145106021225     IBEFR7617515900000414515737835        ORGID
0517515    90000EUR2 0801455145106021225     LCCVIREMENT INSTANTANE
0517515    90000EUR2 0801455145106021225     RCNVIREMENT VERS SOKRI NADIR
0517515    90000EUR2 0801455145106021225     REF                                   2533622I10131965CEN2025 12 02IP
0417515RLV 90000EUR2E08014551451B1021225  021225*6666        ETABLISSEMENTS ABC  94206421 0000000002824L
0517515    90000EUR2 08014551451B1021225     LIB*6666        ETABLISSEMENTS ABC
0517515    90000EUR2 08014551451B1021225     NPYL ETINCELLE
0517515    90000EUR2 08014551451B1021225     LCCF.622834 28/11 ABC
0517515    90000EUR2 08014551451B1021225     RCN6666 L ETINCELLE
0517515    90000EUR2 08014551451B1021225     RUM6666                               RCUR
0517515    90000EUR2 08014551451B1021225     CPYFR7617515900000801455154191
0517515    90000EUR2 08014551451B1021225     NBEETABLISSEMENTS ABC
0517515    90000EUR2 08014551451B1021225     IBEFR32ZZZ584247                      SEPA
0417515RLV 90000EUR2E08014551451B1021225  021225*SWILE-853172SWILE               17062481 0000000000256P
0517515    90000EUR2 08014551451B1021225     LIB*SWILE 853172SWILE
0517515    90000EUR2 08014551451B1021225     NPYL ETINCELLE
0517515    90000EUR2 08014551451B1021225     LCCSWILE TRANSFER 69413 8065647
0517515    90000EUR2 08014551451B1021225     RCN4B797D702AF646ACB1EA74F2DAF19CCC
0517515    90000EUR2 08014551451B1021225     RUMSWILE 85317223700010 231119        RCUR
0517515    90000EUR2 08014551451B1021225     CPYFR7617515900000801455154191
0517515    90000EUR2 08014551451B1021225     NBESWILE
0517515    90000EUR2 08014551451B1021225     IBEFR74ZZZ838795                      SEPA
0717515RLV 90000EUR2 08014551451  021225                                                  0000000472981{
0113106    00500EUR2 30038108790  011225APOLLO SAS                       COMPTE COURANT   0000000077619I  231
0413106005000500EUR2E30038108790B1021225  021225VERISURE                         0000000000000000001908}
0513106    00500EUR2 30038108790B1021225     NBEVERISURE
0513106    00500EUR2 30038108790B1021225     IBEFR93ZZZ324159                      SEPA
0513106    00500EUR2 30038108790B1021225     NPYPAS DEL ROC 2
0513106    00500EUR2 30038108790B1021225     REF303350812
0513106    00500EUR2 30038108790B1021225     LCC89896719
0513106    00500EUR2 30038108790B1021225     RUM2042065                            RCUR
0513106    00500EUR2 30038108790B1021225     CPYFR7613106005003003810097827
0413106005000500EUR2E30038108790B1021225  021225VERISURE                         0000000000000000002490}
0513106    00500EUR2 30038108790B1021225     NBEVERISURE
0513106    00500EUR2 30038108790B1021225     IBEFR93ZZZ324159                      SEPA
0513106    00500EUR2 30038108790B1021225     NPYSTE SARL PENSION PAS  PENSION PAS DEL RO
0513106    00500EUR2 30038108790B1021225     REF303350812
0513106    00500EUR2 30038108790B1021225     LCC89897342
0513106    00500EUR2 30038108790B1021225     RUM2041949                            RCUR
0513106    00500EUR2 30038108790B1021225     CPYFR7613106005003003810097827
0413106006700500EUR2E3003810879062011225  021225OFFRE COMPTE   COMPOSER PRO      0000000100000000000229}
0413106000600500EUR2E3003810879011021225  021225CARTE X5625 REVOLUTIONRACE 01/1  0000000100000000001180{
0713106    00500EUR2 30038108790  021225                                                  0000000074172I
0117515RLV 00092EUR2 08003348579  011225EGV HOLDING                      COMPTE COURANT   0000001247901F        DATALYS
0717515RLV 00092EUR2 08003348579  021225                                                  0000001247901F
0120041    01012EUR2 4044316330L  011225SIVASOORIYALINGAM SIVALOGINI     COMPTE COURANT   0000000079613A
0720041    01012EUR2 4044316330L  021225                                                  0000000079613A0000000000000{
0117515RLV 00600EUR2 08001279078  011225AP LESAGE                        COMPTE COURANT   0000000000036E        DATALYS
0417515RLV 00600EUR2E0800127907862021225  021225* FRAIS VIREMENT                 34612161 0000000000036N
0717515RLV 00600EUR2 08001279078  021225                                                  0000000000000{
0117515RLV 90000EUR2 08017729424  011225GROUPE EMON                      COMPTE COURANT   0000000355756}        DATALYS
0417515RLV 90000EUR2E0801772942430021225  021225CB INAYA BEAUTE      011225      01412551 0000000002512I
0517515    90000EUR2 0801772942430021225     LIBCONTRAT 8035589     REM 141255
0417515RLV 90000EUR2E0801772942430021225  021225CB INAYA BEAUTE      011225      01412481 0000000000300{
0517515    90000EUR2 0801772942430021225     LIBCONTRAT 8035590     REM 141248
0417515RLV 90000EUR2E0801772942430021225  021225CB INAYA BEAUTE      011225      01426581 0000000016210I
0517515    90000EUR2 0801772942430021225     LIBCONTRAT 8035590     REM 142658
0417515RLV 90000EUR2E0801772942462021225  021225*CB COM INAYA BEAUTE 011225      17336991 0000000000011M
0517515    90000EUR2 0801772942462021225     LIBCONTRAT 8035589 REM 141255
0417515RLV 90000EUR2E0801772942462021225  021225*CB COM INAYA BEAUTE 011225      17458071 0000000000001M
0517515    90000EUR2 0801772942462021225     LIBCONTRAT 8035590 REM 141248
0417515RLV 90000EUR2E0801772942462021225  021225*CB COM INAYA BEAUTE 011225      17164411 0000000000074M
0517515    90000EUR2 0801772942462021225     LIBCONTRAT 8035590 REM 142658
0717515RLV 90000EUR2 08017729424  021225                                                  0000000336819M
0117515RLV 00600EUR2 08002583491  011225JOURDIN STEPHANE                                  0000001551664H        DATALYS
0417515RLV 00600EUR2E0800258349106021225  021225VIR INST PLUXEE                  49619621 0000000003723Q
0517515    00600EUR2 0800258349106021225     LIB2533622I10043577          25336J
0517515    00600EUR2 0800258349106021225     NPYFRENKIAN AVOCATS
0517515    00600EUR2 0800258349106021225     NBEPLUXEE
0517515    00600EUR2 0800258349106021225     LCCPLUXEE 202512 002102  DEC25
0517515    00600EUR2 0800258349106021225     RCNPLUXEE 202512 002102  DEC25
0517515    00600EUR2 0800258349106021225     REF                                   2533622I10043577CEN2025 12 02IP
0417515RLV 00600EUR2E0800258349128021225  021225CB MONOPRIX        FACT 301125   34210020 0000000000300O
0517515    00600EUR2 0800258349128021225     LIBMADAME JADIS VIRGINIE
0417515RLV 00600EUR2E0800258349105021225  021225VIR SEPA MENUISERIES ELVA        45009931 0000000009490{
0517515    00600EUR2 0800258349105021225     LIBFACT FRENKIAN AVOCATS
0517515    00600EUR2 0800258349105021225     NPYMENUISERIES ELVA
0517515    00600EUR2 0800258349105021225     NBEFRENKIAN AVOCATS
0517515    00600EUR2 0800258349105021225     LCCFACT FRENKIAN AVOCATS
0517515    00600EUR2 0800258349105021225     RCN37685
0417515RLV 00600EUR2E0800258349105021225  021225VIR SEPA MAAF ASSURANCES SA      57444851 0000000293210B
0517515    00600EUR2 0800258349105021225     LIBVIRT BDX  04673839     37716
0517515    00600EUR2 0800258349105021225     NPYMAAF ASSURANCES SA
0517515    00600EUR2 0800258349105021225     IPY41136047200012
0517515    00600EUR2 0800258349105021225     NBECABINET FRENKIAN VIRGINIE
0517515    00600EUR2 0800258349105021225     LCCVIRT BDX  04673839     37716
0517515    00600EUR2 0800258349105021225     RCN010104673839
0717515RLV 00600EUR2 08002583491  021225                                                  0000001850340F
0117515RLV 00092EUR2 08500979125  011225SCI CLALEX                                        0000000042585{        DATALYS
0417515RLV 00092EUR2E0850097912506021225  021225VIR SEPA NATIXIS INTEREPARGNE    40444240 0000000010000}
0517515    00092EUR2 0850097912506021225     LIBVERS 30007 00011 00022587257 14
0417515RLV 00092EUR2E0850097912502021225  021225REMISE CHEQUES N  8459737        84597371 0000000007400{
0517515    00092EUR2 0850097912502021225     LIBREMIS LE 29/11/2025  BEAUCHAMP
0717515RLV 00092EUR2 08500979125  021225                                                  0000000039985{
0117515RLV 90000EUR2 08021024047  011225GEOBATI                          COMPTE COURANT   0000000592830I        DATALYS
0417515RLV 90000EUR2E0802102404705021225  021225VIR SEPA AMERICAN EXPRESS PAYME  35339471 0000000004207E
0517515    90000EUR2 0802102404705021225     LIBAMERICAN EXPRESS/SE9495809147/D
0517515    90000EUR2 0802102404705021225     NPYAMERICAN EXPRESS PAYMENTS EUROPE SL
0517515    90000EUR2 0802102404705021225     NBEPHI   AL
0517515    90000EUR2 0802102404705021225     LCCAMERICAN EXPRESS/SE9495809147/DT20251129/TR1/GR430.00/DI 9.25
0517515    90000EUR2 0802102404705021225     RCNAMEXSCT94958091470493354414337T39
0717515RLV 90000EUR2 08021024047  021225                                                  0000000597038D
0117515RLV 90000EUR2 08021206729  011225SCI DE L'ALISIER                 COMPTE COURANT   0000000028980B        DATALYS
0717515RLV 90000EUR2 08021206729  021225                                                  0000000028980B
0117515RLV 00600EUR2 08001277058  011225SNC PERE ET FILS                 COMPTE COURANT   0000000000036E        DATALYS
0417515RLV 00600EUR2E0800127705862021225  021225* FRAIS VIREMENT                 32763751 0000000000036N
0717515RLV 00600EUR2 08001277058  021225                                                  0000000000000{
0117515RLV 90000EUR2 08017015374  011225SNC LEITE 95                     SNC LEITE 95     0000000096072I        DATALYS
0417515RLV 90000EUR2E0801701537406021225  021225VIREMENT VERS JULIEN DOAN NEW    98893520 0000000001907}
0517515    90000EUR2 0801701537406021225     LIBVERS 10207 00133 24194002958 51
0417515RLV 90000EUR2E08017015374B1021225  021225*J8QZ6QW     GC RE QOTID         86521241 0000000000600}
0517515    90000EUR2 08017015374B1021225     LIB*J8QZ6QW     GC RE QOTID
0517515    90000EUR2 08017015374B1021225     NPYSAVANE MOUSSON RESTAURANT STREET FOOD
0517515    90000EUR2 08017015374B1021225     IPYEUSEPADT 000JJ3JBV1EF              PRVID
0517515    90000EUR2 08017015374B1021225     LCC025120122396
0517515    90000EUR2 08017015374B1021225     RCND 004DVJK4C5NW
0517515    90000EUR2 08017015374B1021225     RUMJ8QZ6QW                            RCUR
0517515    90000EUR2 08017015374B1021225     CPYFR7617515900000801701473566
0517515    90000EUR2 08017015374B1021225     NBEGC RE QOTID
0517515    90000EUR2 08017015374B1021225     IBEDE56B6P00002197951                 SEPA
0417515RLV 90000EUR2E0801701537405021225  021225VIR SEPA SAVANE ET MOUSSON STRE  68388681 0000000008264C
0517515    90000EUR2 0801701537405021225     LIBTRANSFERT YAVIN 1076838   TOTAL
0517515    90000EUR2 0801701537405021225     NPYSAVANE ET MOUSSON STREET FOOD
0517515    90000EUR2 0801701537405021225     NBESAVANE   MOUSSON HOLDING
0517515    90000EUR2 0801701537405021225     LCCTRANSFERT YAVIN 1076838   TOTAL ENCAISSE 835.5 EUROS   SAVANE MOUSSON
0517515    90000EUR2 0801701537405021225     LC2STREET FOOD
0517515    90000EUR2 0801701537405021225     RCNNOTPROVIDED
0717515RLV 90000EUR2 08017015374  021225                                                  0000000101830B
0117515RLV 00600EUR2 08001136395  011225INAYA BEAUTY                     COMPTE COURANT   0000000793800H        DATALYS
0717515RLV 00600EUR2 08001136395  021225                                                  0000000793800H
0142559RLV 10000EUR2 08010694197  011225COMBAT AVOCATS                Compte courant Comb 0000000196234EE0086066
0442559RLV 10000EUR2E08010694197B1021225  021225*01456860001 EPS                 92574741 0000000000607K
0542559    10000EUR2 08010694197B1021225     LIB*01456860001 EPS
0542559    10000EUR2 08010694197B1021225     NPYTHEMA PLUS
0542559    10000EUR2 08010694197B1021225     LCCEPS  Ref. 2246762 Facture  Echeance 112025 No S91881592
0542559    10000EUR2 08010694197B1021225     RCN01959 000017556
0542559    10000EUR2 08010694197B1021225     RUM01456860001                        RCUR
0542559    10000EUR2 08010694197B1021225     CPYFR7642559100000801069791487
0542559    10000EUR2 08010694197B1021225     NBEEPS
0542559    10000EUR2 08010694197B1021225     IBEFR13ZZZ262161                      SEPA
0442559RLV 10000EUR2E08010694197B1021225  021225*SDS3011457NASecuritas Technolo  92511521 0000000003365O
0542559    10000EUR2 08010694197B1021225     LIB*SDS3011457NASecuritas Technolo
0542559    10000EUR2 08010694197B1021225     NPYTHEMA PLUS
0542559    10000EUR2 08010694197B1021225     LCCSECURITAS TECHNOLOGY SER
0542559    10000EUR2 08010694197B1021225     RCNSDS PRS0223133 1
0542559    10000EUR2 08010694197B1021225     RUMSDS3011457NAAD                     RCUR
0542559    10000EUR2 08010694197B1021225     CPYFR7642559100000801069791487
0542559    10000EUR2 08010694197B1021225     NBESecuritas Technology services
0542559    10000EUR2 08010694197B1021225     IBEFR16ZZZ892EEB                      SEPA
0742559RLV 10000EUR2 08010694197  021225                                                  0000000192261G
0142559RLV 10000EUR2 08011534940  011225SCI LES PETITS PRES              COMPTE COURANT   0000000131281I80008475
0742559RLV 10000EUR2 08011534940  021225                                                  0000000131281I
0117515RLV 90000EUR2 08018882457  011225DOCTEUR CHRISTOPHE LEFEVRE SELAR                  0000000000036E        DATALYS
0417515RLV 90000EUR2E0801888245762021225  021225* FRAIS VIREMENT                 22449881 0000000000036N
0717515RLV 90000EUR2 08018882457  021225                                                  0000000000000{
0117515RLV 90000EUR2 08019145176  011225PROLIFIK RECORDS              PROLIFIK RECORDS    0000000000036E        DATALYS
0417515RLV 90000EUR2E0801914517662021225  021225* FRAIS VIREMENT                 24983481 0000000000036N
0717515RLV 90000EUR2 08019145176  021225                                                  0000000000000{
0117515RLV 90000EUR2 08008619394  011225LK DEVELOPPEMENT                 COMPTE COURANT   0000000268308G        DATALYS
0717515RLV 90000EUR2 08008619394  021225                                                  0000000268308G
0117515RLV 00092EUR2 08001932592  01122501TE012782                 TE                     0000000358998G        DATALYS
0417515RLV 00092EUR2E0800193259207021225  301125LCR 682390 RLV 00000177          42108330 0000000001770P
0517515    00092EUR2 0800193259207021225     LIBCOMPTOIR ELECTR
0417515RLV 00092EUR2E0800193259207021225  301125LCR 683877 RLV 00000177          42233820 0000000012683}
0517515    00092EUR2 0800193259207021225     LIBSCHMITT NEY SFC
0717515RLV 00092EUR2 08001932592  021225                                                  0000000344545{
0117515RLV 90000EUR2 08018493590  011225PHI & AL                         COMPTE COURANT   0000000851456J        DATALYS
0417515RLV 90000EUR2E0801849359006021225  0212251764661207878                    86301330 0000000013560}
0517515    90000EUR2 0801849359006021225     LIBVERS 30002 00441 0000087029X 77
0417515RLV 90000EUR2E0801849359006021225  0212251764663441786                    74735310 0000000016020P
0517515    90000EUR2 0801849359006021225     LIBVERS 40031 00001 0000139704B 86
0417515RLV 90000EUR2E0801849359006021225  0212251764663551161                    65316610 0000000106200}
0517515    90000EUR2 0801849359006021225     LIBVERS 30004 00580 00002824511 83
0417515RLV 90000EUR2E0801849359006021225  0212251764663666511                    19842170 0000000003290O
0517515    90000EUR2 0801849359006021225     LIBVERS 30002 00538 0000021948B 09
0417515RLV 90000EUR2E0801849359006021225  0212251764663749230                    68587260 0000000004039K
0517515    90000EUR2 0801849359006021225     LIBVERS 18206 00212 65067409307 45
0417515RLV 90000EUR2E0801849359006021225  0212251764680868734                    37656780 0000000006566M
0517515    90000EUR2 0801849359006021225     LIBVERS 14706 00064 00074472097 23
0417515RLV 90000EUR2E0801849359005021225  021225VIR SEPA PREVENTECH CONSU        07835791 0000000350000{
0517515    90000EUR2 0801849359005021225     LIBTRANSFERT CE
0517515    90000EUR2 0801849359005021225     NPYPREVENTECH CONSU
0517515    90000EUR2 0801849359005021225     NBECAISSE EPARGNE PREVENTECH
0517515    90000EUR2 0801849359005021225     LCCTRANSFERT CE
0517515    90000EUR2 0801849359005021225     RCNZZ1JI03FY8V05JIJJ
0717515RLV 90000EUR2 08018493590  021225                                                  0000000651133}
0117515RLV 90000EUR2 08013694024  011225BEAUCE TOURAINE                                   0000000112869F        DATALYS
0717515RLV 90000EUR2 08013694024  021225                                                  0000000112869F
0117515RLV 90000EUR2 08018230447  011225SAS NOOSA PIZZA   SERVAIS INGRID COMPTE COURANT   0000000103157P        DATALYS
0717515RLV 90000EUR2 08018230447  021225                                                  0000000103157P
0117515RLV 90000EUR2 08013460708  011225AU COEUR DES BEBES MAISON MEDICA COMPTE COURANT   0000000030520{        DATALYS
0717515RLV 90000EUR2 08013460708  021225                                                  0000000030520{
0117515RLV 00092EUR2 08003123617  011225CM MARECHALERIE                  COMPTE COURANT   0000000073106J        DATALYS
0717515RLV 00092EUR2 08003123617  021225                                                  0000000073106J
0142559RLV 10000EUR2 08011491103  011225PLOMBERIE PLISSON                COMPTE COURANT   0000000083838A80008475
0442559RLV 10000EUR2E0801149110306021225  021225VIREMENT VERS OCTAVE PERSO CEI   75233670 0000000040000}
0542559    10000EUR2 0801149110306021225     LIBVERS 17515 90000 04263541737 42
0442559RLV 10000EUR2E08011491103B1021225  021225*J3WJS9YNARIUPredictice          54931641 0000000002388}
0542559    10000EUR2 08011491103B1021225     LIB*J3WJS9YNARIUPredictice
0542559    10000EUR2 08011491103B1021225     NPYCOMBAT AVOCATS
0542559    10000EUR2 08011491103B1021225     LCCPREDICTICE
0542559    10000EUR2 08011491103B1021225     RCNSTR16NATVTVMQC75CZ8TORAN7GCFHDJVFV
0542559    10000EUR2 08011491103B1021225     RUMJ3WJS9YNARIUFCDT                   RCUR
0542559    10000EUR2 08011491103B1021225     CPYFR7642559100000801149301126
0542559    10000EUR2 08011491103B1021225     NBEPredictice
0542559    10000EUR2 08011491103B1021225     IBEFR43ZZZ863A72                      SEPA
0442559RLV 10000EUR2E0801149110305021225  021225VIR SEPA ASSO SANTE POUR LE 12E  27478371 0000000030000{
0542559    10000EUR2 0801149110305021225     LIBCOMBAT.AVOCATS.FAC2025 160
0542559    10000EUR2 0801149110305021225     NPYASSO SANTE POUR LE 12EME
0542559    10000EUR2 0801149110305021225     NBECombat Avocats
0542559    10000EUR2 0801149110305021225     LCCCOMBAT.AVOCATS.FAC2025 160
0542559    10000EUR2 0801149110305021225     RCNCOMBAT.AVOCATS.FAC2025 160
0742559RLV 10000EUR2 08011491103  021225                                                  0000000071450A
0142559RLV 10000EUR2 08024599481  011225JOURDIN STEPHANE                                  0000000002225J80008475
0742559RLV 10000EUR2 08024599481  021225                                                  0000000002225J
0111706    00020EUR2 54163961000  011225SCI DC                           COMPTE COURANT   0000000018976D  231
0411706007800020EUR2E5416396100062011225  021225FRAIS COMMISSION DE MOUVEMENT    0000000100000000000016K
0711706    00020EUR2 54163961000  021225                                                  0000000018960B
0114806    00097EUR2 72041518440  011225ETABLISSEMENTS LAMY              COMPTE COURANT   0000001879814C  231
0414806000000097EUR2E72041518440C2021225  021225VIR INST DE NICOLAS MENDES       0000000100000000005000{
0514806    00097EUR2 72041518440C2021225     NPYNICOLAS MENDES
0514806    00097EUR2 72041518440C2021225     NBEINGRID POPIER
0514806    00097EUR2 72041518440C2021225     LCCVIREMENT DE NICOLAS MENDES
0514806    00097EUR2 72041518440C2021225     REF3000000061357A0007000000404D5347   EA2CEFAC28CC4F1A880E35D701593192
0514806    00097EUR2 72041518440C2021225     CBEFR7614806000977204151044811
0714806    00097EUR2 72041518440  021225                                                  0000001884814C
0117515RLV 00600EUR2 08003333357  011225AGP RENOVATION                   COMPTE COURANT   0000000006974}        DATALYS
0717515RLV 00600EUR2 08003333357  021225                                                  0000000006974}
0117515RLV 90000EUR2 08019757108  011225SCI MID PASSEL                   COMPTE COURANT   0000000104182O        DATALYS
0417515RLV 90000EUR2E0801975710804021225  021225DPT VRAC ESP 0005864011  021225  96900061 0000000050000{
0517515    90000EUR2 0801975710804021225     LIBMME LEITE DE OLIVEIRA MARIA
0717515RLV 90000EUR2 08019757108  021225                                                  0000000054182O