0130004    00819EUR2 00010141000  281125MR CARTON MATTHIEU               COMPTE COURANT   0000002000655H
0730004    00819EUR2 00010141000  011225                                                  0000002000655H
0130004    00816EUR2 00010219052  281125DR LAURENCE TRACQ                DOCTEUR LAURENCE 0000000452492{
0430004051600816EUR2 00010219052C1011225  011225BROYAGE HAIE ENTREP DELETTRE 36  00000000 0000000003600}NOTPROVIDED
0530004    00816EUR2 00010219052C1011225     LCCBROYAGE HAIE ENTREP DELETTRE 360
0530004    00816EUR2 00010219052C1011225     NBEEARL DELETTRE
0530004    00816EUR2 00010219052C1011225     REF5617A49CBA27439989DC3A288E39D18D
0530004    00816EUR2 00010219052C1011225     RCNNOTPROVIDED
0730004    00816EUR2 00010219052  011225                                                  0000000448892{
0130004    00967EUR2 00010226493  281125MENILLET COURTAGE                COMPTE COURANT   0000000000006P
0430004009900967EUR2 0001022649330281125  0112252811 N.34565 DE 75PARIS 16       234565   0000000000066E   N.COM.4147759
0530004    00967EUR2 0001022649330281125     LIB2811 N.34565 DE 75PARIS 16 N.COM.4147759016
0430004009900967EUR2 0001022649330281125  0112252911 N.54110 DE 75PARIS 16       154110   0000000000603D   N.COM.4147758
0530004    00967EUR2 0001022649330281125     LIB2911 N.54110 DE 75PARIS 16 N.COM.4147758012
0430004008300967EUR2 0001022649328011225  011225DU 291125 DIOFRUIT BERTHECOURT   00000000 0000000000186}CARTE 4974XXXXXX
0530004    00967EUR2 0001022649328011225     LIBXX0806
0430004008300967EUR2 0001022649328011225  011225DU 291125 LA FERME DE BOU BOULO  00000000 0000000000381QGNE BILL CARTE 4
0530004    00967EUR2 0001022649328011225     LIB974XXXXXXXX0806
0430004008300967EUR2 0001022649328011225  011225DU 291125 MICROSOFT-G1263 CARTE  00000000 0000000000806M 4974XXXXXXXX930
0530004    00967EUR2 0001022649328011225     LIB0 IRL 80 64EUR
0430004008300967EUR2 0001022649328011225  011225DU 301125 LIDL PARIS PARIS 16 C  00000000 0000000000941RARTE 4974XXXXXXX
0530004    00967EUR2 0001022649328011225     LIBX0806
0430004008300967EUR2 0001022649328011225  011225DU 281125 NIKE STORE00893 CARTE  00000000 0000000001434P 4974XXXXXXXX080
0530004    00967EUR2 0001022649328011225     LIB6 FRA 143 47EUR
0430004081300967EUR2 00010226493B1011225  011225PRLV SEPA/LEASECOM                      0 0000000002450NFR47ZZZ536544
0530004    00967EUR2 00010226493B1011225     NBELEASECOM
0530004    00967EUR2 00010226493B1011225     IBEFR47ZZZ536544
0530004    00967EUR2 00010226493B1011225     LCC10826416
0530004    00967EUR2 00010226493B1011225     RCN10826416                           LOAR
0530004    00967EUR2 00010226493B1011225     RUM224L225218-188607                  RCUR
0430004081300967EUR2 00010226493B1011225  011225PRLV SEPA/LELIEVRE                      0 0000000003417OFR78ZZZ401350
0530004    00967EUR2 00010226493B1011225     NBELELIEVRE
0530004    00967EUR2 00010226493B1011225     IBEFR78ZZZ401350
0530004    00967EUR2 00010226493B1011225     LCCPRELEVEMENT FACTURE 26049197 FACTURE CLIENT 102007 LE PETRIN D AUTEUIL
0530004    00967EUR2 00010226493B1011225     RCNFPRE/251120114958/30112025/34
0530004    00967EUR2 00010226493B1011225     RUM  R954085080-----10200700200488    RCUR
0430004081300967EUR2 00010226493B1011225  011225PRLV SEPA/DETC DISTRIBUTION IDF         0 0000000004460JFR39ZZZ442113
0530004    00967EUR2 00010226493B1011225     NBEDETC DISTRIBUTION IDF-DELICE ET CREATION DISTRIBUTION
0530004    00967EUR2 00010226493B1011225     IBEFR39ZZZ442113
0530004    00967EUR2 00010226493B1011225     LCCPRELEVEMENT FACTURE 26402565 FACTURE CLIENT 009574 LE PETRIN D AUTEUIL
0530004    00967EUR2 00010226493B1011225     RCNFPRE/251118142832/29112025/300
0530004    00967EUR2 00010226493B1011225     RUMR954085080-----00957400102567      RCUR
0730004    00967EUR2 00010226493  011225                                                  0000000013415Q
0130047    14681EUR2 00020261072  281125THEMA PLUS SARL               THEMA PLUS SARL     0000000050531Q281125021225
0430047021514681EUR2 0002026107204291125  291125VRST REF14681A04 BILLETS         0000000 00000000026800{
0430047930514681EUR2 0002026107218011225  011225VIR EDENRED FRANCE               0000000 00000000000117B
0530047    14681EUR2 0002026107218011225     LIBVSCT-TX-3697
0530047    14681EUR2 0002026107218011225     NOMEDENRED FRANCE                     MR HURAND THIERRY
0530047    14681EUR2 0002026107218011225     NBEMR HURAND THIERRY
0530047    14681EUR2 0002026107218011225     NPYEDENRED FRANCE
0530047    14681EUR2 0002026107218011225     LCCERF-TRD-0838705-25112025-1
0530047    14681EUR2 0002026107218011225     RCNVSCT-TX-3697
0530047    14681EUR2 0002026107218011225     REF27829495
0530047    14681EUR2 0002026107218011225     CBEFR7630047146810002026270136
0430047916214681EUR2 00020261072B1011225  011225PRLV SEPA BONNIN                 0000000000000000010624K
0530047    14681EUR2 00020261072B1011225     LIBPRELEVEMENT FACTURE 26023277 FA
0530047    14681EUR2 00020261072B1011225     LIBE CLIENT 00002490 HURAND
0530047    14681EUR2 00020261072B1011225     RIBFR7614505000010810164147495          CEPAFRPP450
0530047    14681EUR2 00020261072B1011225     NOMBONNIN                             HURAND
0530047    14681EUR2 00020261072B1011225     NBEBONNIN                              2    RUE DES SABLONS
0530047    14681EUR2 00020261072B1011225     IBEFR33ZZZ490527
0530047    14681EUR2 00020261072B1011225     NPYHURAND
0530047    14681EUR2 00020261072B1011225     LCCPRELEVEMENT FACTURE 26023277 FACTURE CLIENT 00002490 HURAND
0530047    14681EUR2 00020261072B1011225     RCNFPRE/251119223755/29112025/191
0530047    14681EUR2 00020261072B1011225     REFT253240000182474
0530047    14681EUR2 00020261072B1011225     RUMXXR---0000249000200648
0530047    14681EUR2 00020261072B1011225     CPYFR7630047146810002026270136
0430047916214681EUR2 00020261072B1011225  011225PRLV SEPA LAVARENNE              0000000000000000007779Q
0530047    14681EUR2 00020261072B1011225     LIBPRLVT FAC (26004727-26005280)
0530047    14681EUR2 00020261072B1011225     RIBFR7614806000456875436300021          AGRIFRPP848
0530047    14681EUR2 00020261072B1011225     NOMLAVARENNE                          BOULANGERIE HURAND
0530047    14681EUR2 00020261072B1011225     NBELAVARENNE
0530047    14681EUR2 00020261072B1011225     IBEFR68ZZZ554208
0530047    14681EUR2 00020261072B1011225     NPYBOULANGERIE HURAND
0530047    14681EUR2 00020261072B1011225     LCCPRLVT FAC (26004727-26005280)
0530047    14681EUR2 00020261072B1011225     RCNFPRE/251124093330/30112025/24
0530047    14681EUR2 00020261072B1011225     REFFPRE/251124093330/30112025/24
0530047    14681EUR2 00020261072B1011225     RUM  R497821744---0000146000100584
0530047    14681EUR2 00020261072B1011225     CPYFR7630047146810002026270136
0430047039014681EUR2 0002026107230011225  021225REMCB00793 NB0048 TPE748773801   0800793 00000000004266C
0430047039014681EUR2 0002026107230011225  021225REMCB00777 NB0001 TPE748773801   0800777 00000000000262{
0430047039014681EUR2 0002026107230011225  021225REMCB00794 NB0051 TPE748773801   0800794 00000000005506B
0430047039014681EUR2 0002026107230011225  021225REMCB00778 NB0001 TPE748773801   0800778 00000000000011{
0430047039014681EUR2 0002026107230011225  031225REMCB00795 NB0049 TPE748773801   0800795 00000000006249E
0430047039014681EUR2 0002026107230011225  031225REMCB00779 NB0001 TPE748773801   0800779 00000000000071{
0430047039714681EUR2 0002026107262011225  021225COMCB00778 NB0001 TPE748773801   0800778100000000000000O
0430047039714681EUR2 0002026107262011225  021225COMCB00777 NB0001 TPE748773801   0800777100000000000001Q
0430047039714681EUR2 0002026107262011225  021225COMCB00794 NB0051 TPE748773801   0800794100000000000055}
0430047039714681EUR2 0002026107262011225  021225COMCB00793 NB0048 TPE748773801   0800793100000000000048}
0430047039714681EUR2 0002026107262011225  031225COMCB00779 NB0001 TPE748773801   0800779100000000000000R
0430047039714681EUR2 0002026107262011225  031225COMCB00795 NB0049 TPE748773801   0800795100000000000057P
0430047930514681EUR2 0002026107218011225  011225VIR SXO SANTE MEDICO SOCIAL      0000000 00000000026005G
0530047    14681EUR2 0002026107218011225     LIB0211090138 11/25 30.10.2025 10/
0530047    14681EUR2 0002026107218011225     LIB0.09.2025
0530047    14681EUR2 0002026107218011225     NOMSXO SANTE MEDICO SOCIAL            HURAND THIERRY
0530047    14681EUR2 0002026107218011225     NBEHURAND THIERRY
0530047    14681EUR2 0002026107218011225     NPYSXO SANTE MEDICO SOCIAL
0530047    14681EUR2 0002026107218011225     LCC0211090138 11/25 30.10.2025 10/25 30.09.2025
0530047    14681EUR2 0002026107218011225     RCN2900013166
0530047    14681EUR2 0002026107218011225     REF01-00429000131662026
0530047    14681EUR2 0002026107218011225     CBEFR7630047146810002026270136
0430047916214681EUR2 00020261072B1011225  011225PRLV SEPA ORANGE SA              0000000000000000000509Q
0530047    14681EUR2 00020261072B1011225     LIBVOTRE ABONNEMENT FIBRE (FACTURE
0530047    14681EUR2 00020261072B1011225     LIBXXX4695I5)
0530047    14681EUR2 00020261072B1011225     RIBFR7630066109720001085770176          CMCIFRPPCOR
0530047    14681EUR2 00020261072B1011225     NOMORANGE SA                          M HURAND THIERRY
0530047    14681EUR2 00020261072B1011225     NBEORANGE SA
0530047    14681EUR2 00020261072B1011225     IBEFR18ZZZ002305
0530047    14681EUR2 00020261072B1011225     NPYM HURAND THIERRY
0530047    14681EUR2 00020261072B1011225     LCCVOTRE ABONNEMENT FIBRE (FACTURE  XXXXX4695I5)
0530047    14681EUR2 00020261072B1011225     RCN2C106G469 C106G4695I545E
0530047    14681EUR2 00020261072B1011225     REF2C106G469 C106G4695I545E
0530047    14681EUR2 00020261072B1011225     RUMEPCB202305250989236
0530047    14681EUR2 00020261072B1011225     CPYFR7630047146810002026270136
0730047    14681EUR2 00020261072  011225                                                  0000000000320P
0130087    33866EUR2 00020611063  281125JLK INVEST                       COMPTE COURANT   0000000160972I281125021225
0430087900233866EUR2 0002061106306291125  291125VIR VIREMENT TRANSFLEX           0000000000000000033744}
0430087900233866EUR2 0002061106306291125  291125VIR VIREMENT CARBO SERVICE       0000000000000000001069K
0430087900233866EUR2 0002061106306301125  301125VIR VIREMENT A AEIC              0000000000000000003600}
0430087916233866EUR2 00020611063B1011225  011225PRLV SEPA ENGIE                  0000000000000000001644P
0530087    33866EUR2 00020611063B1011225     LIB300003530652-980005470870
0530087    33866EUR2 00020611063B1011225     RIBFR7610107001090092802693184          BREDFRPPXXX
0530087    33866EUR2 00020611063B1011225     NOMENGIE                              INTERFREIGHT FRANCE
0530087    33866EUR2 00020611063B1011225     NBEENGIE                               0001 PLACE SAMUEL DE CHAMPLAIN IN
0530087    33866EUR2 00020611063B1011225     IBEFR03RAP002381
0530087    33866EUR2 00020611063B1011225     NPYINTERFREIGHT FRANCE
0530087    33866EUR2 00020611063B1011225     LCC300003530652-980005470870
0530087    33866EUR2 00020611063B1011225     RCN830010054916
0530087    33866EUR2 00020611063B1011225     REF2025-11-27-10.40.28.958613Z
0530087    33866EUR2 00020611063B1011225     RUM00PEG0542404
0530087    33866EUR2 00020611063B1011225     CPYFR7630087338660002061360133
0430087076133866EUR2 0002061106362011225  011225VIR COM CAUTIONS 01/12           0000000100000000000268L
0530087    33866EUR2 0002061106362011225     LIBDECOMPTE AVALS ET CAUTIONS ARRE
0430087907833866EUR2 00020611063C2011225  011225VIR INST MEVR ANNA TORBA         0000000 00000000020000{
0530087    33866EUR2 00020611063C2011225     LIBMERCI MELISSA LUBELSKI
0530087    33866EUR2 00020611063C2011225     NOMMEVR ANNA TORBA                    INTERFREIGHT LFI SEYDOU
0530087    33866EUR2 00020611063C2011225     NBEINTERFREIGHT LFI SEYDOU
0530087    33866EUR2 00020611063C2011225     NPYMEVR ANNA TORBA
0530087    33866EUR2 00020611063C2011225     LCCMERCI MELISSA LUBELSKI
0530087    33866EUR2 00020611063C2011225     RCN956493CCD3FA4A57A67E57ED9CA9A060
0430087900233866EUR2 0002061106306011225  011225VIR VIREMENT PATRIMONE           0000000000000000000119L
0430087931033866EUR2 0002061106344011225  301125VIR VIREMENT ZARACH LOGISTICS    0000000000000000004491J
0530087    33866EUR2 0002061106344011225     LIBC24D25335L00377
0530087    33866EUR2 0002061106344011225     RIBFR7630087338660002061360133
0530087    33866EUR2 0002061106344011225     NOMZARACH LOGISTICS                   INTERFREIGHT FRANCE
0530087    33866EUR2 0002061106344011225     MMOUSD200000000052000
0530087    33866EUR2 0002061106344011225     NBEINTERFREIGHT FRANCE
0530087    33866EUR2 0002061106344011225     IBE9 CHEMIN REBOURS                   77250 VILLECERF
0530087    33866EUR2 0002061106344011225     NPYZARACH LOGISTICS
0530087    33866EUR2 0002061106344011225     LCCINVOICE B00177003
0430087907533866EUR2 00020611063C1011225  011225VIR INST AE25/00615 - ELAL       0000000000000000015274J
0530087    33866EUR2 00020611063C1011225     LIBVG53353AQ611SS01
0430087907533866EUR2 00020611063C1011225  011225VIR INST AE25/00621 - ELAL       0000000000000000026127Q
0530087    33866EUR2 00020611063C1011225     LIBVG53353B5MLMN801
0730087    33866EUR2 00020611063  011225                                                  0000000094634D
0130004    00804EUR2 00010476479  281125SCI ACDB                         COMPTE COURANT   0000000597991B
0730004    00804EUR2 00010476479  011225                                                  0000000597991B
0130004    01340EUR2 00010096067  281125GV LOGEMENT                      COMPTE COURANT   0000000035002I
0430004009901340EUR2 0001009606730281125  0112252811 N.41044 DE 78AUBERGENVILLE  141044   0000000000471D   N.COM.4988531
0530004    01340EUR2 0001009606730281125     LIB N.COM.4988531016
0430004009901340EUR2 0001009606730281125  0112253011 N.77090 DE 78AUBERGENVILLE  277090   0000000000562B   N.COM.4988531
0530004    01340EUR2 0001009606730281125     LIB N.COM.4988531016
0430004009901340EUR2 0001009606730281125  0112252911 N.20604 DE 78AUBERGENVILLE  120604   0000000000967G   N.COM.4988531
0530004    01340EUR2 0001009606730281125     LIB N.COM.4988531016
0430004009901340EUR2 0001009606730281125  0112253011 N.69863 DE 78AUBERGENVILLE  269863   0000000004937G   N.COM.4988532
0530004    01340EUR2 0001009606730281125     LIB N.COM.4988532013
0430004009901340EUR2 0001009606730281125  0112252911 N.10447 DE 78AUBERGENVILLE  110447   0000000005409D   N.COM.4988532
0530004    01340EUR2 0001009606730281125     LIB N.COM.4988532013
0430004009901340EUR2 0001009606730281125  0112252811 N.26246 DE 78AUBERGENVILLE  126246   0000000007519H   N.COM.4988532
0530004    01340EUR2 0001009606730281125     LIB N.COM.4988532013
0430004081301340EUR2 00010096067B1011225  011225PRLV SEPA/LOCAM                         0 0000000000600}FR91ZZZ113026
0530004    01340EUR2 00010096067B1011225     NBELOCAM
0530004    01340EUR2 00010096067B1011225     IBEFR91ZZZ113026
0530004    01340EUR2 00010096067B1011225     LCCPRELEVEMENT LOCAM PARTENAIRE DE LEASATIS CAPITA DOSSIER 1852178 CONTRA
0530004    01340EUR2 00010096067B1011225     LC2T CHAMBRE DE FERM FACTURE 2025 0220516
0530004    01340EUR2 00010096067B1011225     RCNLB0220516X000011220252025FNXREML
0530004    01340EUR2 00010096067B1011225     RUMLD185217820240069726               RCUR
0430004056801340EUR2 0001009606718011225  011225EDENRED FRANCE                   0000000  0000000000646FVSCT-TX-28758
0530004    01340EUR2 0001009606718011225     NPYEDENRED FRANCE
0530004    01340EUR2 0001009606718011225     LCCERF-TRD-2093591-25112025-1
0530004    01340EUR2 0001009606718011225     RCNVSCT-TX-28758
0530004    01340EUR2 0001009606718011225     PDOFR FRANCE
0430004081301340EUR2 00010096067B1011225  011225PRLV SEPA/LOCAM                         0 0000000004764OFR91ZZZ113026
0530004    01340EUR2 00010096067B1011225     NBELOCAM
0530004    01340EUR2 00010096067B1011225     IBEFR91ZZZ113026
0530004    01340EUR2 00010096067B1011225     LCCPRELEVEMENT LOCAM PARTENAIRE DE LEASATIS CAPITA DOSSIER 1852178 CONTRA
0530004    01340EUR2 00010096067B1011225     LC2T CHAMBRE DE FERM LOYER DU 30-11-2025
0530004    01340EUR2 00010096067B1011225     RCNLB1852178E01230112025    DOSREML
0530004    01340EUR2 00010096067B1011225     RUMLD185217820240069726               RCUR
0730004    01340EUR2 00010096067  011225                                                  0000000050153A
0130004    01401EUR2 00010052800  281125GEOBATI                          COMPTE COURANT   0000000695145{
0730004    01401EUR2 00010052800  011225                                                  0000000695145{
0130004    00809EUR2 00010212377  281125SC CAE                           COMPTE COURANT   0000000033485G
0730004    00809EUR2 00010212377  011225                                                  0000000033485G
0130087    33863EUR2 00020491021  281125TECHNIQUES ET NORMES DE COUVERT  COMPTE COURANT   0000000596263E281125021225
0430087916233863EUR2 00020491021B1011225  011225PRLV SEPA GRENKE LOCATION SAS    0000000000000000002328}
0530087    33863EUR2 00020491021B1011225     LIB10041651 CLIENT 01.12.25-31.12.
0530087    33863EUR2 00020491021B1011225     LIBAIEMENT 0001832637
0530087    33863EUR2 00020491021B1011225     RIBDE40201304000002000073               GREBDEH1XXX
0530087    33863EUR2 00020491021B1011225     NOMGRENKE LOCATION SAS                L INTEMPOREL
0530087    33863EUR2 00020491021B1011225     NBEGRENKE LOCATION SAS
0530087    33863EUR2 00020491021B1011225     IBEFR03ZZZ449260
0530087    33863EUR2 00020491021B1011225     NPYL INTEMPOREL
0530087    33863EUR2 00020491021B1011225     LCC10041651 CLIENT 01.12.25-31.12.25 PAIEMENT 0001832637
0530087    33863EUR2 00020491021B1011225     RCN25525020570694111004165100000000
0530087    33863EUR2 00020491021B1011225     RUM10041651
0530087    33863EUR2 00020491021B1011225     CPYFR7630087338630002049120136
0430087916233863EUR2 00020491021B1011225  011225PRLV SEPA BNP PARIBAS LEASE GRO  0000000000000000001148N
0530087    33863EUR2 00020491021B1011225     LIBBNP PARIBAS LEASE GROUP /A1H457
0530087    33863EUR2 00020491021B1011225     LIB1A1H45762001011225EPU67Y26239 /SIEN
0530087    33863EUR2 00020491021B1011225     RIBFR7630004021180004059987092          BNPAFRPPXXX
0530087    33863EUR2 00020491021B1011225     NOMBNP PARIBAS LEASE GROUP            L INTEMPOREL
0530087    33863EUR2 00020491021B1011225     NBEBNP PARIBAS LEASE GROUP             NANTERRE
0530087    33863EUR2 00020491021B1011225     IBEFR17ZZZ100196
0530087    33863EUR2 00020491021B1011225     NPYL INTEMPOREL
0530087    33863EUR2 00020491021B1011225     NPOBNP PARIBAS LEASE GROUP
0530087    33863EUR2 00020491021B1011225     NBUL INTEMPOREL
0530087    33863EUR2 00020491021B1011225     LCCBNP PARIBAS LEASE GROUP /A1H45762/.1A1H45762001011225EPU67Y26239 /SIEN
0530087    33863EUR2 00020491021B1011225     LC20100391426                 /FLL1H313657
0530087    33863EUR2 00020491021B1011225     RCN.1A1H45762001011225EPU67Y26239
0530087    33863EUR2 00020491021B1011225     RUMSIEN0100391426
0530087    33863EUR2 00020491021B1011225     CPYFR7630087338630002049120136
0430087039033863EUR2 0002049102130011225  021225CB00606 0006 7147237             0800606 00000000001745{
0430087039033863EUR2 0002049102130011225  021225CB00541 0001 7147237             0800541 00000000000707{
0430087039033863EUR2 0002049102130011225  021225CB00162 0009 7366635             0800162 00000000008260{
0430087039033863EUR2 0002049102130011225  021225CB00607 0005 7147237             0800607 00000000001245{
0430087039033863EUR2 0002049102130011225  021225CB00540 0002 7147237             0800540 00000000000845{
0430087039033863EUR2 0002049102130011225  021225CB00161 0011 7366635             0800161 00000000005387E
0430087039033863EUR2 0002049102130011225  021225CB00163 0006 7366635             0800163 00000000006469{
0430087039033863EUR2 0002049102130011225  021225CB00162 0023 7366635             0800162 00000000008308{
0430087039733863EUR2 0002049102162011225  021225COM0162 0023 7366635             0800162100000000000029L
0430087039733863EUR2 0002049102162011225  021225COM0540 0002 7147237             0800540100000000000003}
0430087039733863EUR2 0002049102162011225  021225COM0607 0005 7147237             0800607100000000000004M
0430087039733863EUR2 0002049102162011225  021225COM0162 0009 7366635             0800162100000000000037M
0430087039733863EUR2 0002049102162011225  021225COM0163 0006 7366635             0800163100000000000022P
0430087039733863EUR2 0002049102162011225  021225COM0161 0011 7366635             0800161100000000000019}
0430087039733863EUR2 0002049102162011225  021225COM0541 0001 7147237             0800541100000000000002N
0430087039733863EUR2 0002049102162011225  021225COM0606 0006 7147237             0800606100000000000006J
0430087907533863EUR2 00020491021C1011225  011225VIR INST SALAIRE ASSELIN NOVEMB  0000000000000000002872M
0530087    33863EUR2 00020491021C1011225     LIBVG53352SBXJ18M01
0430087907533863EUR2 00020491021C1011225  011225VIR INST SALAIRE LAURA NOVEMBRE  0000000000000000013895M
0530087    33863EUR2 00020491021C1011225     LIBVG53352SFD0AMB01
0430087907533863EUR2 00020491021C1011225  011225VIR INST SALAIRE NOVEMBRE EMILI  0000000000000000020478M
0530087    33863EUR2 00020491021C1011225     LIBVG53352V611PBN01
0430087907533863EUR2 00020491021C1011225  011225VIR INST SALAIRE MALLAURY        0000000000000000007694M
0530087    33863EUR2 00020491021C1011225     LIBVG53352VA1A8TG01
0430087907533863EUR2 00020491021C1011225  011225VIR INST SALAIRE NOVEMBRE TYPHA  0000000000000000008574J
0530087    33863EUR2 00020491021C1011225     LIBVG53352VD2L80D01
0430087907533863EUR2 00020491021C1011225  011225VIR INST SALAIRE NOVEMBRE ALINE  0000000000000000012371P
0530087    33863EUR2 00020491021C1011225     LIBVG53352VJUDKZL01
0430087900233863EUR2 0002049102106011225  011225VIR AUMIRO NOVEMBRE              0000000000000000003240}
0430087026433863EUR2 0002049102107011225  011225EFFET DOMICILIE   RELEVE 130684  0000000000000000013847O
0730087    33863EUR2 00020491021  011225                                                  0000000542655A
0130087    33863EUR2 00020491015  281125PROLIFIK RECORDS              PROLIFIK RECORDS    0000000043987G281125021225
0730087    33863EUR2 00020491015  011225                                                  0000000043987G