0130066    10898USD2 00010362012  021225RL DARNA                         COMPTE COURANT   0000000199794{021225031225
0730066    10898USD2 00010362012  031225                                                  0000000199794{
0130066    10132EUR2 00020351040  021225TESSIER CHANTAL                                   0000000097133H021225031225
0430066026410132EUR2 0002035104007031225  031225EFFET DOMICILIE   RELEVE 388248  0000000000000000001371P
0730066    10132EUR2 00020351040  031225                                                  0000000095762A
0110278    06041EUR2 00020841076  021225SAS CASTAING                     COMPTE COURANT   0000000903469{021225031225
0410278916206041EUR2 00020841076B1031225  031225PRLV SEPA PAYPAL EUROPE S.A.R.L  0000000000000000000120}
0510278    06041EUR2 00020841076B1031225     LIB1046612609642/PAYPAL
0510278    06041EUR2 00020841076B1031225     RIBLU89751000135104200E                 PPLXLUL2
0510278    06041EUR2 00020841076B1031225     NOMPAYPAL EUROPE S.A.R.L. ET CIE S.C.AALIS INFORMATIQUE
0510278    06041EUR2 00020841076B1031225     NBEPAYPAL EUROPE S.A.R.L. ET CIE S.C.A 22-24 BOULEVARD ROYAL  2449 LUXEMB
0510278    06041EUR2 00020841076B1031225     IBELU96ZZZ0000000000000000058
0510278    06041EUR2 00020841076B1031225     NPYALIS INFORMATIQUE
0510278    06041EUR2 00020841076B1031225     LCC1046612609642/PAYPAL
0510278    06041EUR2 00020841076B1031225     RCN1046612609642
0510278    06041EUR2 00020841076B1031225     RUM48C2224UJHNNA
0510278    06041EUR2 00020841076B1031225     CPYFR7610278060410002084670116
0410278039006041EUR2 0002084107630031225  041225REMCB00663 NB0002 TPE275474501   0800663 00000000002020{
0410278039006041EUR2 0002084107630031225  041225REMCB00496 NB0001 TPE275474501   0800496 00000000000250{
0410278039006041EUR2 0002084107630031225  051225REMCB01861 NB0001 TPE292021801   0001861 00000000021490{
0410278039006041EUR2 0002084107630031225  051225REMCB01861 NB0002 TPE292294301   0001861 00000000024350{
0410278039706041EUR2 0002084107662031225  041225COMCB00496 NB0001 TPE275474501   0800496100000000000000Q
0410278039706041EUR2 0002084107662031225  041225COMCB00663 NB0002 TPE275474501   0800663100000000000013}
0410278039706041EUR2 0002084107662031225  051225COMCB01861 NB0001 TPE292021801   0001861100000000000151O
0410278039706041EUR2 0002084107662031225  051225COMCB01861 NB0002 TPE292294301   0001861100000000000172R
0410278039006041EUR2 0002084107630031225  041225REMCB00470 NB0004 TPE275600901   0800470 00000000005987{
0410278039006041EUR2 0002084107630031225  041225REMCB00448 NB0001 TPE275600901   0800448 00000000000190{
0410278039706041EUR2 0002084107662031225  041225COMCB00448 NB0001 TPE275600901   0800448100000000000000O
0410278039706041EUR2 0002084107662031225  041225COMCB00470 NB0004 TPE275600901   0800470100000000000018}
0410278930506041EUR2 0002084107618031225  031225VIR APPLE DISTRIBUTION INTER     0000000 00000000014703C
0510278    06041EUR2 0002084107618031225     LIB20034155830062
0510278    06041EUR2 0002084107618031225     NOMAPPLE DISTRIBUTION INTERNATIONAL LIA.L INFORMATIQUE SERVICE
0510278    06041EUR2 0002084107618031225     NBEA.L INFORMATIQUE SERVICE
0510278    06041EUR2 0002084107618031225     NPYAPPLE DISTRIBUTION INTERNATIONAL LI
0510278    06041EUR2 0002084107618031225     LCC/REF/2003415583
0510278    06041EUR2 0002084107618031225     RCN20034155830062
0510278    06041EUR2 0002084107618031225     CBEFR7610278060410002084670116
0410278930506041EUR2 0002084107618031225  031225VIR INGRAM MICRO SAS             0000000 00000000002312F
0510278    06041EUR2 0002084107618031225     LIBFRE52851
0510278    06041EUR2 0002084107618031225     NOMINGRAM MICRO SAS                   ALIS INFORMATIQUE
0510278    06041EUR2 0002084107618031225     NBEALIS INFORMATIQUE
0510278    06041EUR2 0002084107618031225     NPYINGRAM MICRO SAS
0510278    06041EUR2 0002084107618031225     LCCFC14489  /
0510278    06041EUR2 0002084107618031225     RCNFRE52851
0510278    06041EUR2 0002084107618031225     CBEFR7610278060410002084670116
0710278    06041EUR2 00020841076  031225                                                  0000000974295{
0130066    10933EUR2 00020051046  021225MLE CLAIRE GUENERIN              COMPTE COURANT   0000000007464}021225031225
0730066    10933EUR2 00020051046  031225                                                  0000000007464}
0110278    06041EUR2 00020891044  021225GEOBATI                          COMPTE COURANT   0000003455490H021225031225
0710278    06041EUR2 00020891044  031225                                                  0000003455490H
0130066    10906EUR2 00020331088  021225PREVENTECH                       COMPTE COURANT   0000000282592E021225031225
0730066    10906EUR2 00020331088  031225                                                  0000000282592E
0110278    06041EUR2 00020851091  021225L'EPICURIEN                      COMPTE COURANT   0000000020971I021225031225
0710278    06041EUR2 00020851091  031225                                                  0000000020971I
0130568    19924EUR2 00053991048  021225POLY                             COMPTE COURANT   0000003307909H021225031225
0430568916219924EUR2 00053991048B1031225  031225PRLV SEPA LES ECHOS SAS          0000000000000000000157L
0530568    19924EUR2 00053991048B1031225     LIBDD0027260071
0530568    19924EUR2 00053991048B1031225     RIBFR7630027172180002034560147          CMCIFRPPXXX
0530568    19924EUR2 00053991048B1031225     NOMLES ECHOS SAS                      BHM HOLDING
0530568    19924EUR2 00053991048B1031225     NBELES ECHOS SAS
0530568    19924EUR2 00053991048B1031225     IBEFR12ZZZ413984
0530568    19924EUR2 00053991048B1031225     NPYBHM HOLDING
0530568    19924EUR2 00053991048B1031225     LCCDD0027260071
0530568    19924EUR2 00053991048B1031225     RCN84 WEC 5/46942815 0005955391
0530568    19924EUR2 00053991048B1031225     REFWEC-5/46942815-0005955391
0530568    19924EUR2 00053991048B1031225     RUMAR84WEC5/0046942815-0000170346
0530568    19924EUR2 00053991048B1031225     CPYFR7630568199240005399840139
0730568    19924EUR2 00053991048  031225                                                  0000003307752E
0130066    10920EUR2 00020631018  021225EI SALON INES D                  COMPTE COURANT   0000000418208B021225031225
0430066038110920EUR2 0002063101828031225  031225PAIEMENT CB  0112 MONTIGNY LES   0000000000000000000961N
0530066    10920EUR2 0002063101828031225     LIBCARREFOUR        CARTE 5690
0730066    10920EUR2 00020631018  031225                                                  0000000417246G
0110278    06349EUR2 00020421062  021225GEOBATI                          COMPTE COURANT   0000000916899A021225031225
0410278916306349EUR2 00020421062B2031225  031225PRLV SEPA CMS VACANCES S.A.S.    0000000000000000008761}
0510278    06349EUR2 00020421062B2031225     LIBAVIS  2155728-0340011183-202512
0510278    06349EUR2 00020421062B2031225     RIBDE84300308801868342001               TUBDDEDDXXX
0510278    06349EUR2 00020421062B2031225     NOMCMS VACANCES S.A.S.                SOTRAVELING
0510278    06349EUR2 00020421062B2031225     NBECMS VACANCES S.A.S.                 171 RUE LUCIEN FAURE  33071 BORDEA
0510278    06349EUR2 00020421062B2031225     IBEFR45ZZZ8571CD
0510278    06349EUR2 00020421062B2031225     NPYSOTRAVELING
0510278    06349EUR2 00020421062B2031225     LCCAVIS  2155728-0340011183-20251202
0510278    06349EUR2 00020421062B2031225     RCN0340011183
0510278    06349EUR2 00020421062B2031225     RUMM680175
0510278    06349EUR2 00020421062B2031225     CPYFR7610278063490002042260103
0410278907806349EUR2 00020421062C2031225  031225VIR INST MME VERGNERES DOMINIQU  0000000 00000000008070{
0510278    06349EUR2 00020421062C2031225     LIBVIREMENT DE MME VERGNERES DOMIN
0510278    06349EUR2 00020421062C2031225     NOMMME VERGNERES DOMINIQUE            SOTRAVELING
0510278    06349EUR2 00020421062C2031225     NBESOTRAVELING
0510278    06349EUR2 00020421062C2031225     NPYMME VERGNERES DOMINIQUE
0510278    06349EUR2 00020421062C2031225     LCCVIREMENT DE MME VERGNERES DOMINIQUE
0510278    06349EUR2 00020421062C2031225     RCNVIREMENT DE MME VERGNERES DOMINIQUE
0410278900206349EUR2 0002042106206031225  031225VIR AB PRINTED FC20252114        0252114000000000000164R
0710278    06349EUR2 00020421062  031225                                                  0000000916043B
0110096    18026EUR2 00069901081  021225LE MARTELOT BRUNO                                 0000000011110H021225031225
0410096930518026EUR2 0006990108118031225  031225VIR SIE DE GAP                   0000000 00000000009490{
0510096    18026EUR2 0006990108118031225     LIB120050260GAD542-2025
0510096    18026EUR2 0006990108118031225     NOMSIE DE GAP                         SARL SCRATCO
0510096    18026EUR2 0006990108118031225     NBESARL SCRATCO
0510096    18026EUR2 0006990108118031225     NPYSIE DE GAP
0510096    18026EUR2 0006990108118031225     NBUSARL SCRATCO
0510096    18026EUR2 0006990108118031225     LCCREMB. DGFIP - 528978232
0510096    18026EUR2 0006990108118031225     RCN120050260GAD542-2025
0510096    18026EUR2 0006990108118031225     REF25336-5376-PSR-SCT-01-00001092
0510096    18026EUR2 0006990108118031225     CBEFR7610096180260006990180174
0410096901318026EUR2 0006990108106031225  031225VIR SEPA LOYER MAG 1             0000000000000000013000}
0510096    18026EUR2 0006990108106031225     LIBI20V25337L017938
0510096    18026EUR2 0006990108106031225     NOMSCRATCO                            ZELIENAK
0510096    18026EUR2 0006990108106031225     NBEZELIENAK
0510096    18026EUR2 0006990108106031225     NPYSCRATCO
0510096    18026EUR2 0006990108106031225     LCCLOYER MAG 1
0710096    18026EUR2 00069901081  031225                                                  0000000007600H
0130066    10901EUR2 00020401075  021225IMMO'CONSTAT                     COMPTE COURANT   0000000360655B021225031225
0430066039010901EUR2 0002040107530031225  051225REMCB00666 NB0001 TPE725557901   0800666 00000000002260F
0430066039010901EUR2 0002040107530031225  051225REMCB00301 NB0001 TPE725557901   0800301 00000000004200{
0430066039710901EUR2 0002040107562031225  051225COMCB00301 NB0001 TPE725557901   0800301100000000000029R
0430066039710901EUR2 0002040107562031225  051225COMCB00666 NB0001 TPE725557901   0800666100000000000018O
0730066    10901EUR2 00020401075  031225                                                  0000000367067C
0130087    33790EUR2 00020291031  021225CITY GIRL                        COMPTE COURANT   0000000007916I021225031225
0430087901333790EUR2 0002029103118031225  031225LOYER GALERIE LA FOREST DIVONNE  0000000 00000000096000{
0530087    33790EUR2 0002029103118031225     LIBC24V25337L018222
0530087    33790EUR2 0002029103118031225     NOMGALERIE MARIE HELENE DE LA         SCI GMH
0530087    33790EUR2 0002029103118031225     NBESCI GMH
0530087    33790EUR2 0002029103118031225     NPYGALERIE MARIE HELENE DE LA
0530087    33790EUR2 0002029103118031225     LCCLOYER GALERIE LA FOREST DIVONNE
0730087    33790EUR2 00020291031  031225                                                  0000000103916I
0130066    10920EUR2 00020221083  021225JOBDOCTOR                     JOBDOCTOR SAS       0000000438405D021225031225
0730066    10920EUR2 00020221083  031225                                                  0000000438405D
0130087    33850EUR2 00021151047  021225JOURDIN STEPHANE                                  0000000039833D021225031225
0730087    33850EUR2 00021151047  031225                                                  0000000039833D
0130027    16006EUR2 00020192007  021225DUMAS JULIETTE                                    0000002454448E021225031225
0430027930516006EUR2 0002019200718031225  031225VIR TRESORERIE ST DENIS CENT     0000000 00000000076423D
0530027    16006EUR2 0002019200718031225     LIB1609310801100028112025-621039
0530027    16006EUR2 0002019200718031225     NOMTRESORERIE ST DENIS CENTRE HOSPITALVERTIKA
0530027    16006EUR2 0002019200718031225     NBEVERTIKA
0530027    16006EUR2 0002019200718031225     NPYTRESORERIE ST DENIS CENTRE HOSPITAL
0530027    16006EUR2 0002019200718031225     NPOCH GONESSE
0530027    16006EUR2 0002019200718031225     LCC25/01/3841S1CH GONESSE
0530027    16006EUR2 0002019200718031225     RCN1609310801100028112025-621039
0530027    16006EUR2 0002019200718031225     REF25336-5376-PSR-SCT-02-00148403
0530027    16006EUR2 0002019200718031225     CBEFR7630027160060002019700273
0430027026416006EUR2 0002019200707031225  031225EFFET DOMICILIE   RELEVE 083767  0000000000000000003186}
0730027    16006EUR2 00020192007  031225                                                  0000002527685I
0110278    06347EUR2 00021601086  021225SCI CAMPUS                       COMPTE COURANT   0000000100165F021225031225
0710278    06347EUR2 00021601086  031225                                                  0000000100165F
0130066    10933EUR2 00020061071  021225SCI LES PETITS PRES              COMPTE COURANT   0000000005421}021225031225
0730066    10933EUR2 00020061071  031225                                                  0000000005421}
0110278    06078EUR2 00020251097  021225POYO                             COMPTE COURANT   0000000106835N021225031225
0410278011706078EUR2 0002025109762011225  011225 F COMM INTERVENTION 1 OPER      0000000100000000000090}
0410278930506078EUR2 0002025109718031225  031225VIR CETIP CETIP                  0000000 00000000003799A
0510278    06078EUR2 0002025109718031225     LIB000059-952664936
0510278    06078EUR2 0002025109718031225     NOMCETIP CETIP                        LYNA OPTIC
0510278    06078EUR2 0002025109718031225     NBELYNA OPTIC
0510278    06078EUR2 0002025109718031225     NPYCETIP CETIP
0510278    06078EUR2 0002025109718031225     LCCMERCER03122025 000059
0510278    06078EUR2 0002025109718031225     RCN000059-952664936
0510278    06078EUR2 0002025109718031225     REFFR25120261961655
0510278    06078EUR2 0002025109718031225     CBEFR7610278060780002025790173
0410278930506078EUR2 0002025109718031225  031225VIR CETIP CETIP                  0000000 00000000003319A
0510278    06078EUR2 0002025109718031225     LIB003263-952664936
0510278    06078EUR2 0002025109718031225     NOMCETIP CETIP                        LYNA OPTIC
0510278    06078EUR2 0002025109718031225     NBELYNA OPTIC
0510278    06078EUR2 0002025109718031225     NPYCETIP CETIP
0510278    06078EUR2 0002025109718031225     LCCISANTE03122025 003263
0510278    06078EUR2 0002025109718031225     RCN003263-952664936
0510278    06078EUR2 0002025109718031225     REFFR25120261991294
0510278    06078EUR2 0002025109718031225     CBEFR7610278060780002025790173
0410278930506078EUR2 0002025109718031225  031225VIR VIAMEDIS                     0000000 00000000003398E
0510278    06078EUR2 0002025109718031225     LIBTP-20251127-VIREMENT 8546738
0510278    06078EUR2 0002025109718031225     LIB2664936-0075990010-0173-
0510278    06078EUR2 0002025109718031225     NOMVIAMEDIS                           LYNA OPTIC
0510278    06078EUR2 0002025109718031225     NBELYNA OPTIC
0510278    06078EUR2 0002025109718031225     NPYVIAMEDIS
0510278    06078EUR2 0002025109718031225     LCCTP-20251127-VIREMENT 8546738    -952664936-0075990010-0173-
0510278    06078EUR2 0002025109718031225     RCNTP-20251127-VIREMENT 8546738    -95
0510278    06078EUR2 0002025109718031225     REF332271-2025-12-03-8546738
0510278    06078EUR2 0002025109718031225     CBEFR7610278060780002025790173
0710278    06078EUR2 00020251097  031225                                                  0000000096408Q
0130066    10132EUR2 00020161068  021225LA PAUSE DETENTE                 COMPTE COURANT   0000000000624{021225031225
0430066916210132EUR2 00020161068B1031225  031225PRLV SEPA FREE MOBILE            0000000000000000000199R
0530066    10132EUR2 00020161068B1031225     RIBFR7630004008190001164961261          BNPAFRPPPLZ
0530066    10132EUR2 00020161068B1031225     NOMFREE MOBILE                        FRANCK GABETTY
0530066    10132EUR2 00020161068B1031225     NBEFREE MOBILE
0530066    10132EUR2 00020161068B1031225     IBEFR07ZZZ591778
0530066    10132EUR2 00020161068B1031225     NPYFRANCK GABETTY
0530066    10132EUR2 00020161068B1031225     RCNFMPMT-2309946162
0530066    10132EUR2 00020161068B1031225     RUM  FM-10487378-1
0530066    10132EUR2 00020161068B1031225     CPYFR7630066101320002016860168
0430066916210132EUR2 00020161068B1031225  031225PRLV SEPA ONEY BANQUE ACCORD     0000000000000000000418K
0530066    10132EUR2 00020161068B1031225     LIBCA 02263783354*CA 02263783354
0530066    10132EUR2 00020161068B1031225     RIBFR7612869000010001210026035          BACCFR22XXX
0530066    10132EUR2 00020161068B1031225     NOMONEY BANQUE ACCORD                 GABETTY
0530066    10132EUR2 00020161068B1031225     NBEONEY BANQUE ACCORD
0530066    10132EUR2 00020161068B1031225     IBEFR56CLT157791
0530066    10132EUR2 00020161068B1031225     NPYGABETTY
0530066    10132EUR2 00020161068B1031225     LCCCA 02263783354*CA 02263783354
0530066    10132EUR2 00020161068B1031225     RCN02263783354
0530066    10132EUR2 00020161068B1031225     REFT253310003472457
0530066    10132EUR2 00020161068B1031225     RUM19F696CE823B478887F56CEC163F22BB
0530066    10132EUR2 00020161068B1031225     CPYFR7630066101320002016860168
0730066    10132EUR2 00020161068  031225                                                  0000000000005I
0130087    33700EUR2 00021821055  021225GHTE22600                                         0000000228968A021225031225
0430087901333700EUR2 0002182105506031225  031225VIR SEPA LOYER SCI GMH           0000000000000000096000}
0530087    33700EUR2 0002182105506031225     LIBC24V25337L018222
0530087    33700EUR2 0002182105506031225     NOMGALERIE MARIE HELENE DE LA
0530087    33700EUR2 0002182105506031225     NPYGALERIE MARIE HELENE DE LA
0430087916233700EUR2 00021821055B1031225  031225PRLV SEPA IONOS SARL             0000000000000000000264}
0530087    33700EUR2 00021821055B1031225     LIBNUM-CL. K14823083/ FACT. 202542
0530087    33700EUR2 00021821055B1031225     LIB67
0530087    33700EUR2 00021821055B1031225     RIBDE98500400000589337502               COBADEFF
0530087    33700EUR2 00021821055B1031225     NOMIONOS SARL                         MARIE HELENE DE LA FOREST DIVONNE
0530087    33700EUR2 00021821055B1031225     NBEIONOS SARL                          7 PLACE DE LA GARE  57200 SARREGUE
0530087    33700EUR2 00021821055B1031225     IBEFR70ZZZ614312
0530087    33700EUR2 00021821055B1031225     NPYMARIE HELENE DE LA FOREST DIVONNE
0530087    33700EUR2 00021821055B1031225     LCCNUM-CL. K14823083/ FACT. 202542958467
0530087    33700EUR2 00021821055B1031225     RCN005966589193
0530087    33700EUR2 00021821055B1031225     REFCOBADEFF021225218105110034779
0530087    33700EUR2 00021821055B1031225     RUM0070000275503
0530087    33700EUR2 00021821055B1031225     CPYFR7630087337000002182550155
0430087039033700EUR2 0002182105530031225  051225REMCB00232 NB0001 TPE695772401   0800232 00000000000200{
0430087039033700EUR2 0002182105530031225  051225REMCB00192 NB0002 TPE695772401   0800192 00000000025420{
0430087039733700EUR2 0002182105562031225  051225COMCB00192 NB0002 TPE695772401   0800192100000000000127J
0430087039733700EUR2 0002182105562031225  051225COMCB00232 NB0001 TPE695772401   0800232100000000000001}
0730087    33700EUR2 00021821055  031225                                                  0000000158196{
0130066    11018EUR2 00035472035  021225CR OPTIQUE                       COMPTE MUTUELLE  0000000882462{021225031225
0430066900211018EUR2 0003547203506031225  031225VIR FACT VIESION FA25064906      5064906000000000009942Q
0730066    11018EUR2 00035472035  031225                                                  0000000872519B
0130027    17127EUR2 00020251015  021225SIVASOORIYALINGAM SIVALOGINI     COMPTE COURANT   0000001065619B021225031225
0430027916217127EUR2 00020251015B1031225  031225PRLV SEPA EDF                    0000000000000000006241K
0530027    17127EUR2 00020251015B1031225     LIBMP RESTAURATION          REF ED
0530027    17127EUR2 00020251015B1031225     LIB26477165 RUM MA970000620698   2025-
0530027    17127EUR2 00020251015B1031225     RIBFR7630004008280001339565976          BNPAFRPPXXX
0530027    17127EUR2 00020251015B1031225     NOMEDF                                MONSIEUR DIRIL
0530027    17127EUR2 00020251015B1031225     NBEEDF                                 22-30  AVENUE DE WAGRAM
0530027    17127EUR2 00020251015B1031225     IBEFR47EDF001007
0530027    17127EUR2 00020251015B1031225     NPYMONSIEUR DIRIL
0530027    17127EUR2 00020251015B1031225     LCCMP RESTAURATION          REF EDF 5926477165 RUM MA970000620698   2025-
0530027    17127EUR2 00020251015B1031225     LC212-03
0530027    17127EUR2 00020251015B1031225     RCNZ005926477165 99285 2   FELIX   992
0530027    17127EUR2 00020251015B1031225     REFI0001621417151
0530027    17127EUR2 00020251015B1031225     RUMMA970000620698
0530027    17127EUR2 00020251015B1031225     CPYFR7630027171270002025510151
0430027039017127EUR2 0002025101530031225  051225REMCB00939 NB0008 TPE718217201   0800939 00000000009230B
0430027039017127EUR2 0002025101530031225  051225REMCB00886 NB0007 TPE718217201   0800886 00000000003012B
0430027039017127EUR2 0002025101530031225  051225REMCB00818 NB0002 TPE716671201   0800818 00000000000747B
0430027039717127EUR2 0002025101562031225  051225COMCB00886 NB0007 TPE718217201   0800886100000000000010O
0430027039717127EUR2 0002025101562031225  051225COMCB00939 NB0008 TPE718217201   0800939100000000000050}
0430027039717127EUR2 0002025101562031225  051225COMCB00818 NB0002 TPE716671201   0800818100000000000002O
0430027907517127EUR2 00020251015C1031225  031225VIR INST FAIT TA FENETRE         0000000000000000040000}
0530027    17127EUR2 00020251015C1031225     LIBVK53371L678BLP01
0430027907817127EUR2 00020251015C2031225  031225VIR INST MME AURELIE CHANCEREL   0000000 00000000006300{
0530027    17127EUR2 00020251015C2031225     LIBACCOMPTE CNP ASSURANCES
0530027    17127EUR2 00020251015C2031225     NOMMME AURELIE CHANCEREL              NAUTILUS
0530027    17127EUR2 00020251015C2031225     NBENAUTILUS
0530027    17127EUR2 00020251015C2031225     NPYMME AURELIE CHANCEREL
0530027    17127EUR2 00020251015C2031225     LCCACCOMPTE CNP ASSURANCES
0530027    17127EUR2 00020251015C2031225     RCN032025337216019470000001
0430027900617127EUR2 0002025101518031225  031225REMB CC MP RESTAURATION          0000000 00000000015000{
0430027900217127EUR2 0002025101506031225  031225VIR FACT ACP STUDIOLOUISMORGAN   0000000000000000176400}
0430027930517127EUR2 0002025101518031225  031225VIR ZENCHEF                      0000000 00000000002437{
0530027    17127EUR2 0002025101518031225     LIB30027-12-25337715011234
0530027    17127EUR2 0002025101518031225     LIBRQCKS6Q2G
0530027    17127EUR2 0002025101518031225     NOMZENCHEF                            MP RESTAURATION
0530027    17127EUR2 0002025101518031225     NBEMP RESTAURATION
0530027    17127EUR2 0002025101518031225     NPYZENCHEF
0530027    17127EUR2 0002025101518031225     LCCEXT BAL SWEEP SWPE42C5Z22322235NJXZRQCKS6Q2G
0530027    17127EUR2 0002025101518031225     RCN30027-12-25337715011234
0530027    17127EUR2 0002025101518031225     CBEFR7630027171270002025510151
0430027038117127EUR2 0002025101528031225  031225PAIEMENT CB  0112 PAYLI2090401/  2090401000000000000163K
0530027    17127EUR2 0002025101528031225     LIBAMAZON EU SARL   CARTE 5442
0730027    17127EUR2 00020251015  031225                                                  0000000879478B
0130066    10105EUR2 00010001031  021225AP LESAGE                        COMPTE COURANT   0000002125560E021225031225
0730066    10105EUR2 00010001031  031225                                                  0000002125560E
0130066    10271EUR2 00020571037  021225MR DAVEAU XAVIER              MR DAVEAU XAVIER    0000000005156C021225031225
0430066039010271EUR2 0002057103730031225  051225REMCB00381 NB0004 TPE600424601   0800381 00000000002500{
0430066039010271EUR2 0002057103730031225  051225REMCB00718 NB0018 TPE600424601   0800718 00000000005568{
0430066039710271EUR2 0002057103762031225  051225COMCB00718 NB0018 TPE600424601   0800718100000000000037L
0430066039710271EUR2 0002057103762031225  051225COMCB00381 NB0004 TPE600424601   0800381100000000000016L
0430066900210271EUR2 0002057103706031225  031225VIR C C INTERNATIONAL            0000000000000000011930J
0730066    10271EUR2 00020571037  031225                                                  0000000001240F
0130066    10150EUR2 00020471092  021225L ABAT JOUR                      COMPTE COURANT   0000000070632Q021225031225
0430066038110150EUR2 0002047109228031225  031225PAIEMENT PSC 0112 CERGY          0000000000000000000241}
0530066    10150EUR2 0002047109228031225     LIBBURGER KING CERG CARTE 6885
0730066    10150EUR2 00020471092  031225                                                  0000000070873Q
0130066    10271EUR2 00020741070  021225SAS NOOSA PIZZA   SERVAIS INGRID COMPTE COURANT   0000000026356A021225031225
0730066    10271EUR2 00020741070  031225                                                  0000000026356A
0130087    33850EUR2 00071191082  021225THEMA PLUS SARL               THEMA PLUS SARL     0000001763324A021225031225
0430087930533850EUR2 0007119108218031225  031225VIR LUSSAN                       0000000 00000000007440{
0530087    33850EUR2 0007119108218031225     LIBLUSSAN/ANTANA FA N FC 2025 1779
0530087    33850EUR2 0007119108218031225     NOMLUSSAN                             ANTANA
0530087    33850EUR2 0007119108218031225     NBEANTANA
0530087    33850EUR2 0007119108218031225     NPYLUSSAN
0530087    33850EUR2 0007119108218031225     LCCLUSSAN/ANTANA FA N FC 2025 1779
0530087    33850EUR2 0007119108218031225     RCNLUSSAN/ANTANA FA N FC 2025 1779
0530087    33850EUR2 0007119108218031225     REFBATTERIE OND
0530087    33850EUR2 0007119108218031225     CBEFR7630087338500007119280164
0430087907833850EUR2 00071191082C2031225  031225VIR INST EI -  M ABDERREZAK MEC  0000000 00000000002822D
0530087    33850EUR2 00071191082C2031225     LIBVIREMENT DE EI - M ABDERREZAK M
0530087    33850EUR2 00071191082C2031225     LIBUEK
0530087    33850EUR2 00071191082C2031225     NOMEI -  M ABDERREZAK MECHOUEK        ANTANA INFORMATIQUE
0530087    33850EUR2 00071191082C2031225     NBEANTANA INFORMATIQUE
0530087    33850EUR2 00071191082C2031225     NPYEI -  M ABDERREZAK MECHOUEK
0530087    33850EUR2 00071191082C2031225     NBUANTANA INFORMATIQUE
0530087    33850EUR2 00071191082C2031225     LCCVIREMENT DE EI - M ABDERREZAK MECHOUEK
0530087    33850EUR2 00071191082C2031225     RCNVIREMENT DE EI  M ABDERREZAK MECHOU
0430087907833850EUR2 00071191082C2031225  031225VIR INST GOCARDLESS SAS          0000000 00000000019455F
0530087    33850EUR2 00071191082C2031225     LIBFCANTANA-HBD4VH8SY
0530087    33850EUR2 00071191082C2031225     NOMGOCARDLESS SAS                     ANTANA
0530087    33850EUR2 00071191082C2031225     NBEANTANA
0530087    33850EUR2 00071191082C2031225     NPYGOCARDLESS SAS
0530087    33850EUR2 00071191082C2031225     LCCFCANTANA-HBD4VH8SY
0530087    33850EUR2 00071191082C2031225     RCNC-00037X6SEGCX
0430087907833850EUR2 00071191082C2031225  031225VIR INST BEN BURMAN AVOCA        0000000 00000000021474{
0530087    33850EUR2 00071191082C2031225     LIB2025-12-03 - ANTANA FACTURE FC-
0530087    33850EUR2 00071191082C2031225     LIB-1892 - CONTRAT DECEMBRE 2025 - BEN
0530087    33850EUR2 00071191082C2031225     NOMBEN BURMAN AVOCA                   ANTANA
0530087    33850EUR2 00071191082C2031225     NBEANTANA
0530087    33850EUR2 00071191082C2031225     NPYBEN BURMAN AVOCA
0530087    33850EUR2 00071191082C2031225     LCC2025-12-03 - ANTANA FACTURE FC-2025-1892 - CONTRAT DECEMBRE 2025 - BEN
0530087    33850EUR2 00071191082C2031225     LC2 BURMAN AVOCAT EURL
0530087    33850EUR2 00071191082C2031225     RCNNOTPROVIDED
0430087907833850EUR2 00071191082C2031225  031225VIR INST BEN BURMAN AVOCA        0000000 00000000021474{
0530087    33850EUR2 00071191082C2031225     LIB2025-11-14 - ANTANA FACTURE FC-
0530087    33850EUR2 00071191082C2031225     LIB-1749 - CONTRAT NOVEMBRE 2025 - BEN
0530087    33850EUR2 00071191082C2031225     NOMBEN BURMAN AVOCA                   ANTANA
0530087    33850EUR2 00071191082C2031225     NBEANTANA
0530087    33850EUR2 00071191082C2031225     NPYBEN BURMAN AVOCA
0530087    33850EUR2 00071191082C2031225     LCC2025-11-14 - ANTANA FACTURE FC-2025-1749 - CONTRAT NOVEMBRE 2025 - BEN
0530087    33850EUR2 00071191082C2031225     LC2 BURMAN AVOCAT EURL
0530087    33850EUR2 00071191082C2031225     RCNNOTPROVIDED
0430087907833850EUR2 00071191082C2031225  031225VIR INST BEN BURMAN AVOCA        0000000 00000000021474{
0530087    33850EUR2 00071191082C2031225     LIB2025-10-29 - ANTANA FACTURE FC-
0530087    33850EUR2 00071191082C2031225     LIB-1612 - CONTRAT OCTOBRE 2025 - BEN
0530087    33850EUR2 00071191082C2031225     NOMBEN BURMAN AVOCA                   ANTANA
0530087    33850EUR2 00071191082C2031225     NBEANTANA
0530087    33850EUR2 00071191082C2031225     NPYBEN BURMAN AVOCA
0530087    33850EUR2 00071191082C2031225     LCC2025-10-29 - ANTANA FACTURE FC-2025-1612 - CONTRAT OCTOBRE 2025 - BEN
0530087    33850EUR2 00071191082C2031225     LC2BURMAN AVOCAT EURL
0530087    33850EUR2 00071191082C2031225     RCNNOTPROVIDED
0730087    33850EUR2 00071191082  031225                                                  0000001857464A
0110278    06012EUR2 00020561087  021225RIK                              COMPTE COURANT   0000000300563G021225031225
0410278025006012EUR2 0002056108702021225  031225REM CHQ N9731920  REF1027806365  7806365 00000000048296A000030
0410278907806012EUR2 00020561087C2031225  031225VIR INST M M CALTEAU OU MME Z E  0000000 00000000000200{
0510278    06012EUR2 00020561087C2031225     LIBCALTEAU LAYANNA
0510278    06012EUR2 00020561087C2031225     NOMM M CALTEAU OU MME Z EZZARI        ARTS DANSE ACADEMY HERBLAY
0510278    06012EUR2 00020561087C2031225     NBEARTS DANSE ACADEMY HERBLAY
0510278    06012EUR2 00020561087C2031225     NPYM M CALTEAU OU MME Z EZZARI
0510278    06012EUR2 00020561087C2031225     LCCCALTEAU LAYANNA
0510278    06012EUR2 00020561087C2031225     RCNVH53371TWCWCQW01
0410278900206012EUR2 0002056108706031225  031225VIR B. BAGOURD FACTURE  11/2025  0000000000000000004180}
0410278900206012EUR2 0002056108706031225  031225VIR A. GEORGELIN FACT 11CM/2025  0000000000000000011020}
0410278900206012EUR2 0002056108706031225  031225VIR A. GEORGELIN FACT 11T/2025   0000000000000000007600}
0410278900206012EUR2 0002056108706031225  031225VIR J. DODIN FACTURE 11/2025     0000000000000000003300}
0410278900206012EUR2 0002056108706031225  031225VIR J. SAFFAR FACTURE 11/2025    0000000000000000001267N
0410278900206012EUR2 0002056108706031225  031225VIR KIMAHTY FACT 11/2025         0000000000000000004180}
0410278907506012EUR2 00020561087C1031225  031225VIR INST V. VENEL FACTURE LEROY  0000000000000000001920O
0510278    06012EUR2 00020561087C1031225     LIBVH53373J40CJG801
0410278907806012EUR2 00020561087C2031225  031225VIR INST MME LEONIDE LANDALLY    0000000 00000000000980{
0510278    06012EUR2 00020561087C2031225     LIBVIREMENT DE MME LANDALLY LEONID
0510278    06012EUR2 00020561087C2031225     NOMMME LEONIDE LANDALLY               ADAH
0510278    06012EUR2 00020561087C2031225     NBEADAH
0510278    06012EUR2 00020561087C2031225     NPYMME LEONIDE LANDALLY
0510278    06012EUR2 00020561087C2031225     LCCVIREMENT DE MME LANDALLY LEONIDE
0510278    06012EUR2 00020561087C2031225     RCNNOTPROVIDED
0710278    06012EUR2 00020561087  031225                                                  0000000316571G
0130066    11018EUR2 00027471061  021225V2M AVENIR                       COMPTE COURANT   0000015585546G021225031225
0430066930511018EUR2 0002747106118031225  031225VIR MHP PREST PLEIADE            0000000 00000000001741F
0530066    11018EUR2 0002747106118031225     LIB533501000734 PRESTATIONS
0530066    11018EUR2 0002747106118031225     LIB043450 REINE ADELAIDE CORINNE
0530066    11018EUR2 0002747106118031225     NOMMHP PREST PLEIADE                  MISSION LOC ARGENTEUIL B
0530066    11018EUR2 0002747106118031225     NBEMISSION LOC ARGENTEUIL B
0530066    11018EUR2 0002747106118031225     NPYMHP PREST PLEIADE
0530066    11018EUR2 0002747106118031225     LCCPRESTATIONS PR VOYANCE ASSUR  N  18043450 REINE ADELAIDE CORINNE
0530066    11018EUR2 0002747106118031225     RCN533501000734 PRESTATIONS
0530066    11018EUR2 0002747106118031225     REF2025-12-02-15.41.47.150441
0530066    11018EUR2 0002747106118031225     CBEFR7630066110180002747160169
0430066038111018EUR2 0002747106128031225  031225PAIEMENT CB  0212 67200 STRASBO  0000000000000000000359J
0530066    11018EUR2 0002747106128031225     LIBCHARGEMAP        CARTE 9090
0730066    11018EUR2 00027471061  031225                                                  0000015586929B
0130066    10271EUR2 00020581011  021225SAVANE & MOUSSON STREET FOOD     COMPTE COURANT   0000000049169A021225031225
0430066039010271EUR2 0002058101130031225  051225REMCB01318 NB0001 TPE600424801   0801318 00000000000249{
0430066039010271EUR2 0002058101130031225  051225REMCB01319 NB0010 TPE600424801   0801319 00000000004962{
0430066039010271EUR2 0002058101130031225  051225REMCB01425 NB0099 TPE600424801   0801425 00000000017938{
0430066039710271EUR2 0002058101162031225  051225COMCB01425 NB0099 TPE600424801   0801425100000000000053L
0430066039710271EUR2 0002058101162031225  051225COMCB01319 NB0010 TPE600424801   0801319100000000000014R
0430066039710271EUR2 0002058101162031225  051225COMCB01318 NB0001 TPE600424801   0801318100000000000000P
0430066900210271EUR2 0002058101106031225  031225VIR ABIO PLAST                   0000000000000000024377Q
0430066907510271EUR2 00020581011C1031225  031225VIR INST FIDEL FILLAUD           0000000000000000025789M
0530066    10271EUR2 00020581011C1031225     LIBVK53371Z0FTQCA01
0730066    10271EUR2 00020581011  031225                                                  0000000022082{
0130027    17127EUR2 00020281091  021225MR CARTON MATTHIEU               COMPTE COURANT   0000000022545{021225031225
0430027901317127EUR2 0002028109118031225  031225REMUNERATION CHAMBARTE           0000000 00000000015000{
0530027    17127EUR2 0002028109118031225     LIBC18V25337L009146
0530027    17127EUR2 0002028109118031225     NOMCHAMBARTE
0530027    17127EUR2 0002028109118031225     NPYCHAMBARTE
0430027900217127EUR2 0002028109106031225  031225VIR REMB CC MP INVEST            0000000000000000015000}
0730027    17127EUR2 00020281091  031225                                                  0000000022545{
0130087    33850EUR2 00021161047  021225SCI GHTE22600                                     0000000251778G021225031225
0430087901333850EUR2 0002116104706031225  031225VIR SEPA SALAIRE M LAGET         0000000000000000005000}
0530087    33850EUR2 0002116104706031225     LIBC24V25337L014293
0530087    33850EUR2 0002116104706031225     NOMANTANA EVENT   CO
0530087    33850EUR2 0002116104706031225     NPYANTANA EVENT   CO
0430087900233850EUR2 0002116104706031225  031225VIR PRESTA NOV 2025              0000000000000000029856}
0730087    33850EUR2 00021161047  031225                                                  0000000216922G
0130066    10271EUR2 00020811037  021225RAVIMMO                          COMPTE COURANT   0000000011152J021225031225
0430066039010271EUR2 0002081103730031225  051225REMCB00798 NB0096 TPE726500701   0800798 00000000017407{
0430066039010271EUR2 0002081103730031225  051225REMCB00769 NB0006 TPE726500701   0800769 00000000002852{
0430066039710271EUR2 0002081103762031225  051225COMCB00769 NB0006 TPE726500701   0800769100000000000022R
0430066039710271EUR2 0002081103762031225  051225COMCB00798 NB0096 TPE726500701   0800798100000000000156R
0430066930510271EUR2 0002081103718031225  031225VIR CRAZY POUSS                  0000000 00000000004770G
0530066    10271EUR2 0002081103718031225     LIBSCTS251203101755715-65613-93368
0530066    10271EUR2 0002081103718031225     NOMCRAZY POUSS                        CRAZY POUSS
0530066    10271EUR2 0002081103718031225     NBECRAZY POUSS
0530066    10271EUR2 0002081103718031225     NPYCRAZY POUSS
0530066    10271EUR2 0002081103718031225     LCCVIR TRESO NOELSE PAY - 10000065613
0530066    10271EUR2 0002081103718031225     RCNSCTS251203101755715-65613-93368
0530066    10271EUR2 0002081103718031225     REFT253370006964432
0530066    10271EUR2 0002081103718031225     CBEFR7630066102710002081730131
0730066    10271EUR2 00020811037  031225                                                  0000000013697H
0110278    06041EUR2 00020851002  021225DEGRAEVE JULIEN                  COMPTE COURANT   0000000034751{021225031225
0710278    06041EUR2 00020851002  031225                                                  0000000034751{
0130066    10012EUR2 00020051040  021225PHARMACIE DE L ALISIER           COMPTE COURANT   0000000148987I021225031225
0430066038110012EUR2 0002005104028031225  031225PAIEMENT CB  0112 PAYLI2090401/  2090401000000000000179N
0530066    10012EUR2 0002005104028031225     LIBAMAZON EU SARL   CARTE 0464
0430066026410012EUR2 0002005104007031225  031225EFFET DOMICILIE   RELEVE 388227  0000000000000000000718Q
0730066    10012EUR2 00020051040  031225                                                  0000000148089F
0130066    10933EUR2 00020051008  021225LA FERME                         COMPTE COURANT   0000000019215D021225031225
0730066    10933EUR2 00020051008  031225                                                  0000000019215D
0130066    10906EUR2 00010525021  021225THOMAS FRUCHART FLEURISTE        COMPTE COURANT   0000000086754I021225031225
0430066907810906EUR2 00010525021C2031225  031225VIR INST JUN TORRA               0000000 00000000000500{
0530066    10906EUR2 00010525021C2031225     LIBVIREMENT DE JUN TORRA
0530066    10906EUR2 00010525021C2031225     NOMJUN TORRA                          JACKIE CARDOT PSY LEO
0530066    10906EUR2 00010525021C2031225     NBEJACKIE CARDOT PSY LEO
0530066    10906EUR2 00010525021C2031225     NPYJUN TORRA
0530066    10906EUR2 00010525021C2031225     LCCVIREMENT DE JUN TORRA
0530066    10906EUR2 00010525021C2031225     RCNNOTPROVIDED
0730066    10906EUR2 00010525021  031225                                                  0000000087254I
0110278    06075EUR2 00021341065  021225L ABAT JOUR                      COMPTE COURANT   0000000001062N021225031225
0710278    06075EUR2 00021341065  031225                                                  0000000001062N
0130087    33850EUR2 00071196082  021225ATELIER 467                      COMPTE COURANT   0000000162456G021225031225
0730087    33850EUR2 00071196082  031225                                                  0000000162456G
0130066    10301EUR2 00010831099  021225J.C.R                            COMPTE COURANT   0000000054695M021225031225
0730066    10301EUR2 00010831099  031225                                                  0000000054695M
0130066    10963EUR2 00020262054  021225S.C.I. DAM                       COMPTE COURANT   0000001262246B021225031225
0430066916210963EUR2 00020262054B1031225  031225PRLV SEPA GC RE MANGOPAY         0000000000000000001734}
0530066    10963EUR2 00020262054B1031225     LIBEATFA2025002935SASOPEN SAS OPEN
0530066    10963EUR2 00020262054B1031225     RIBFR7617118820080000002201720          GOAAFRP1
0530066    10963EUR2 00020262054B1031225     NOMGC RE MANGOPAY                     STOWIA
0530066    10963EUR2 00020262054B1031225     NBEGC RE MANGOPAY
0530066    10963EUR2 00020262054B1031225     IBEGB66ZZZSDDBARC0000007495895019
0530066    10963EUR2 00020262054B1031225     NPYSTOWIA
0530066    10963EUR2 00020262054B1031225     LCCEATFA2025002935SASOPEN SAS OPEN
0530066    10963EUR2 00020262054B1031225     RCND-004EAM868NKE
0530066    10963EUR2 00020262054B1031225     REFEUSEPADR-004EAM868NKE
0530066    10963EUR2 00020262054B1031225     RUMFWF9NS4
0530066    10963EUR2 00020262054B1031225     CPYFR7630066109630002026450218
0730066    10963EUR2 00020262054  031225                                                  0000001260512B
0130027    17127EUR2 00020382012  021225SNC LEITE 95                     SNC LEITE 95     0000000417379H021225031225
0430027901317127EUR2 0002038201206031225  031225VIR REMUNERATIONGERANCE MPINVES  0000000100000000015000}
0530027    17127EUR2 0002038201206031225     LIBC18V25337L009146
0530027    17127EUR2 0002038201206031225     NOMCHAMBARTE
0530027    17127EUR2 0002038201206031225     NPYCHAMBARTE
0430027916217127EUR2 00020382012B1031225  031225PRLV SEPA EURO CIBUS             0000000000000000003869P
0530027    17127EUR2 00020382012B1031225     LIBPRELEVEMENT FACTURE 26019240 FA
0530027    17127EUR2 00020382012B1031225     LIBE CLIENT 00670352 LE FLORE SAS CHAM
0530027    17127EUR2 00020382012B1031225     RIBFR7630027160790002000310139          CMCIFRPPXXX
0530027    17127EUR2 00020382012B1031225     NOMEURO CIBUS                         LE FLORE SAS CHAMBARTE
0530027    17127EUR2 00020382012B1031225     NBEEURO CIBUS
0530027    17127EUR2 00020382012B1031225     IBEFR26ZZZ565052
0530027    17127EUR2 00020382012B1031225     NPYLE FLORE SAS CHAMBARTE
0530027    17127EUR2 00020382012B1031225     LCCPRELEVEMENT FACTURE 26019240 FACTURE CLIENT 00670352 LE FLORE SAS CHAM
0530027    17127EUR2 00020382012B1031225     LC2BARTE
0530027    17127EUR2 00020382012B1031225     RCNFPRE/251202083827/02122025/8
0530027    17127EUR2 00020382012B1031225     REFFPRE/251202083827/02122025/8
0530027    17127EUR2 00020382012B1031225     RUM  REN ATTENT---0067035200100822
0530027    17127EUR2 00020382012B1031225     CPYFR7630027171270002038210264
0430027039017127EUR2 0002038201230031225  051225REMCB00786 NB0003 TPE719103101   0800786 00000000002591{
0430027039017127EUR2 0002038201230031225  051225REMCB00836 NB0002 TPE719099401   0800836 00000000000570{
0430027039017127EUR2 0002038201230031225  051225REMCB00784 NB0062 TPE719103101   0800784 00000000034276{
0430027039717127EUR2 0002038201262031225  051225COMCB00784 NB0062 TPE719103101   0800784100000000000182N
0430027039717127EUR2 0002038201262031225  051225COMCB00786 NB0003 TPE719103101   0800786100000000000025R
0430027039717127EUR2 0002038201262031225  051225COMCB00836 NB0002 TPE719099401   0800836100000000000003K
0430027907517127EUR2 00020382012C1031225  031225VIR INST CHAMBARTE               0000000000000000040000}
0530027    17127EUR2 00020382012C1031225     LIBVK53373X896RLK01
0730027    17127EUR2 00020382012  031225                                                  0000000395735E
0130066    10933EUR2 00020142087  021225MR CARTON MATTHIEU               COMPTE COURANT   0000000000000{021225031225
0730066    10933EUR2 00020142087  031225                                                  0000000000000{
0110278    06041EUR2 00021231042  021225TREXSO                           COMPTE COURANT   0000000000315D021225031225
0710278    06041EUR2 00021231042  031225                                                  0000000000315D
0130066    10920EUR2 00020451018  021225DOCTEUR CHRISTOPHE LEFEVRE SELAR                  0000000590172B021225031225
0430066907810920EUR2 00020451018C2031225  031225VIR INST MLE BLANDINE GALLOIS    0000000 00000000008250{
0530066    10920EUR2 00020451018C2031225     LIBINDIVISION GALLOIS
0530066    10920EUR2 00020451018C2031225     NOMMLE BLANDINE GALLOIS               CEZ RENOV
0530066    10920EUR2 00020451018C2031225     NBECEZ RENOV
0530066    10920EUR2 00020451018C2031225     NPYMLE BLANDINE GALLOIS
0530066    10920EUR2 00020451018C2031225     LCCINDIVISION GALLOIS
0530066    10920EUR2 00020451018C2031225     RCNFAC-2025-0059
0430066907810920EUR2 00020451018C2031225  031225VIR INST MR    OU MME PERNOT     0000000 00000000015400{
0530066    10920EUR2 00020451018C2031225     LIBVIREMENT DE MR OU MME PERNOT
0530066    10920EUR2 00020451018C2031225     NOMMR    OU MME PERNOT                CEZ RENOV
0530066    10920EUR2 00020451018C2031225     NBECEZ RENOV
0530066    10920EUR2 00020451018C2031225     NPYMR    OU MME PERNOT
0530066    10920EUR2 00020451018C2031225     NBUCEZ RENOV
0530066    10920EUR2 00020451018C2031225     LCCVIREMENT DE MR OU MME PERNOT
0530066    10920EUR2 00020451018C2031225     RCNVIREMENT DE MR OU MME PERNOT
0430066038110920EUR2 0002045101828031225  031225PAIEMENT CB  0212 DEUIL LA BARR  0000000000000000001170J
0530066    10920EUR2 0002045101828031225     LIBCERTAS ESSOF204  CARTE 7935
0730066    10920EUR2 00020451018  031225                                                  0000000612652A
0110096    18026EUR2 00073601030  021225MADEMOISELLE LAURENCE CLAUDINE   COMPTE COURANT   0000000003110O021225031225
0410096901318026EUR2 0007360103018031225  031225LOYER MAG 1                      0000000 00000000013000{
0510096    18026EUR2 0007360103018031225     LIBI20V25337L017938
0510096    18026EUR2 0007360103018031225     NOMSCRATCO                            ZELIENAK
0510096    18026EUR2 0007360103018031225     NBEZELIENAK
0510096    18026EUR2 0007360103018031225     NPYSCRATCO
0510096    18026EUR2 0007360103018031225     LCCLOYER MAG 1
0510096    18026EUR2 0007360103018031225     RCNLOYER MAG 1
0710096    18026EUR2 00073601030  031225                                                  0000000009889D
0130066    10221EUR2 00020001060  021225BREIZH EXOTIK EPICERIE                            0000000031829D021225031225
0730066    10221EUR2 00020001060  031225                                                  0000000031829D
0110278    06347EUR2 00018070487  021225RL DARNA                         COMPTE COURANT   0000000206702E021225031225
0410278025006347EUR2 0001807048702021225  031225REM CHQ REF06346A03              0000000 00000000032658{000021
0410278907806347EUR2 00018070487C2031225  031225VIR INST SONIA RODRIGUEZ PEREZ   0000000 00000000003340{
0510278    06347EUR2 00018070487C2031225     LIBVIREMENT DE SONIA RODRIGUEZ PER
0510278    06347EUR2 00018070487C2031225     NOMSONIA RODRIGUEZ PEREZ              ECOLE MUSIQUE SANNOIS
0510278    06347EUR2 00018070487C2031225     NBEECOLE MUSIQUE SANNOIS
0510278    06347EUR2 00018070487C2031225     NPYSONIA RODRIGUEZ PEREZ
0510278    06347EUR2 00018070487C2031225     LCCVIREMENT DE SONIA RODRIGUEZ PEREZ
0510278    06347EUR2 00018070487C2031225     RCNNOTPROVIDED
0710278    06347EUR2 00018070487  031225                                                  0000000242700E
0130066    10933EUR2 00020051056  021225EIRL M ZHANG MARC                COMPTE COURANT   0000000036089Q021225031225
0730066    10933EUR2 00020051056  031225                                                  0000000036089Q
0130027    17127EUR2 00020242091  021225ETABLISSEMENTS LAMY              COMPTE COURANT   0000000089604E021225031225
0730027    17127EUR2 00020242091  031225                                                  0000000089604E
0110278    06041EUR2 00020851012  021225CR OPTIQUE                       COMPTE MUTUELLE  0000000045089G021225031225
0710278    06041EUR2 00020851012  031225                                                  0000000045089G
0130066    10809EUR2 00020421023  021225SNC PERE ET FILS                 COMPTE COURANT   0000000769358C021225031225
0430066025010809EUR2 0002042102302031225  041225REM CHQ N9741534  REF1027806730  7806730 00000000000700{000006
0730066    10809EUR2 00020421023  031225                                                  0000000770058C
0130066    10853EUR2 00020251085  021225AU COEUR DES BEBES               COMPTE COURANT   0000000144730C021225031225
0730066    10853EUR2 00020251085  031225                                                  0000000144730C
0110278    06347EUR2 00022131021  021225MS ST FRAMBOURG                  COMPTE COURANT   0000001494903F021225031225
0710278    06347EUR2 00022131021  031225                                                  0000001494903F
0130066    11018EUR2 00035471035  021225PROLIFIK RECORDS              PROLIFIK RECORDS    0000001946729G021225031225
0430066038111018EUR2 0003547103528031225  031225PAIEMENT CB  0212 BEZONS         0000000000000000001298}
0530066    11018EUR2 0003547103528031225     LIBHOTEL KYRIAD     CARTE 8395
0730066    11018EUR2 00035471035  031225                                                  0000001945431G
0110278    06347EUR2 00018070687  021225V2M AVENIR                       COMPTE COURANT   0000001210463H021225031225
0710278    06347EUR2 00018070687  031225                                                  0000001210463H
0130066    10858EUR2 00010261054  021225RIK                              COMPTE COURANT   0000000696725A021225031225
0730066    10858EUR2 00010261054  031225                                                  0000000696725A
0130066    10383EUR2 00020381045  021225SAVANE & MOUSSON STREET FOOD     COMPTE COURANT   0000000294232{021225031225
0730066    10383EUR2 00020381045  031225                                                  0000000294232{
0130066    10898EUR2 00010361012  021225TECHNIQUES ET NORMES DE COUVERT  COMPTE COURANT   0000000283649{021225031225
0730066    10898EUR2 00010361012  031225                                                  0000000283649{
0110278    06078EUR2 00020711040  021225SC AJC CONSEILS                  COMPTE COURANT   0000000010943G021225031225
0710278    06078EUR2 00020711040  031225                                                  0000000010943G
0110278    06143EUR2 00020201005  021225SCI DE LA RUE DEZITTER           COMPTE COURANT   0000000077114B021225031225
0710278    06143EUR2 00020201005  031225                                                  0000000077114B
0130066    10061EUR2 00010413056  021225LUCAS OPTIK                      COMPTE MUTUELLE  0000001150988E021225031225
0430066907810061EUR2 00010413056C2031225  031225VIR INST DIAL PAYE               0000000 00000000001434H
0530066    10061EUR2 00010413056C2031225     LIBVIREMENT DE DIAL PAYE
0530066    10061EUR2 00010413056C2031225     NOMDIAL PAYE                          ECOLE BIBLIOTHECAIRES
0530066    10061EUR2 00010413056C2031225     NBEECOLE BIBLIOTHECAIRES
0530066    10061EUR2 00010413056C2031225     NPYDIAL PAYE
0530066    10061EUR2 00010413056C2031225     LCCVIREMENT DE DIAL PAYE
0530066    10061EUR2 00010413056C2031225     RCNNOTPROVIDED
0730066    10061EUR2 00010413056  031225                                                  0000001152423C
0130066    10150EUR2 00020401097  021225SCI DE L'ALISIER                 COMPTE COURANT   0000000045773F021225031225
0430066916210150EUR2 00020401097B1031225  031225PRLV SEPA FREE MOBILE            0000000000000000000199R
0530066    10150EUR2 00020401097B1031225     RIBFR7630004008190001164961261          BNPAFRPPPLZ
0530066    10150EUR2 00020401097B1031225     NOMFREE MOBILE                        AUDE BOURIAUD DECORATION
0530066    10150EUR2 00020401097B1031225     NBEFREE MOBILE
0530066    10150EUR2 00020401097B1031225     IBEFR07ZZZ591778
0530066    10150EUR2 00020401097B1031225     NPYAUDE BOURIAUD DECORATION
0530066    10150EUR2 00020401097B1031225     RCNFMPMT-2310719703
0530066    10150EUR2 00020401097B1031225     RUMFM-98885031-1
0530066    10150EUR2 00020401097B1031225     CPYFR7630066101500002040790186
0430066916210150EUR2 00020401097B1031225  031225MULTI PRO I83040345              3040345000000000000293K
0530066    10150EUR2 00020401097B1031225     RIBFR7611899001380002824344055          CMCIFR2AXXX
0530066    10150EUR2 00020401097B1031225     NOMACM IARD SA                            AUDE BOURIAUD DECORATION   DESI
0530066    10150EUR2 00020401097B1031225     NBEACM IARD SA
0530066    10150EUR2 00020401097B1031225     IBEFR74ZZZ008087
0530066    10150EUR2 00020401097B1031225     NPY    AUDE BOURIAUD DECORATION   DESIG N D ESPACE
0530066    10150EUR2 00020401097B1031225     LCCMULTI PRO I83040345
0530066    10150EUR2 00020401097B1031225     RCNRMS25335063004352KI
0530066    10150EUR2 00020401097B1031225     REFACM   2500000    BFC140
0530066    10150EUR2 00020401097B1031225     RUMKI20241128172308047281
0530066    10150EUR2 00020401097B1031225     CPYFR7630066101500002040790186
0730066    10150EUR2 00020401097  031225                                                  0000000045280E
0130087    33850EUR2 00021522003  021225AGP RENOVATION                   COMPTE COURANT   0000000114951I021225031225
0430087900633850EUR2 0002152200318031225  031225PRESTA NOV 2025                  0000000 00000000029856{
0530087    33850EUR2 0002152200318031225     LIBVG53372X250CRW01
0530087    33850EUR2 0002152200318031225     NOMANTANA EVENT   CO
0530087    33850EUR2 0002152200318031225     NPYANTANA EVENT   CO
0530087    33850EUR2 0002152200318031225     LCCPRESTA NOV 2025
0530087    33850EUR2 0002152200318031225     RCNPRESTA NOV 2025
0430087900233850EUR2 0002152200306031225  031225VIR PRESTA NOV 2025              0000000000000000108000}
0730087    33850EUR2 00021522003  031225                                                  0000000036807I
0130027    16006EUR2 00020553063  021225EIRL ECO BAT                     COMPTE COURANT   0000000053879B021225031225
0730027    16006EUR2 00020553063  031225                                                  0000000053879B
0130066    10138EUR2 00020101085  021225SCI LES PETITS PRES              COMPTE COURANT   0000000261272C021225031225
0430066916210138EUR2 00020101085B1031225  031225ASSUR PRO HOMME CLE PH7479489    7479489000000000000326M
0530066    10138EUR2 00020101085B1031225     RIBFR7630066109240001000250361          CMCIFRPPCOR
0530066    10138EUR2 00020101085B1031225     NOMACM VIE SA                         BMS IMMOBILIER
0530066    10138EUR2 00020101085B1031225     NBEACM VIE SA
0530066    10138EUR2 00020101085B1031225     IBEFR20ZZZ407826
0530066    10138EUR2 00020101085B1031225     NPYBMS IMMOBILIER
0530066    10138EUR2 00020101085B1031225     LCCASSUR PRO HOMME CLE PH7479489
0530066    10138EUR2 00020101085B1031225     RCNRMS25335232968192KI
0530066    10138EUR2 00020101085B1031225     REFACM   2500000    CICCAP
0530066    10138EUR2 00020101085B1031225     RUM  PH7479489
0530066    10138EUR2 00020101085B1031225     CPYFR7630066101380002010580104
0730066    10138EUR2 00020101085  031225                                                  0000000260945I
0130066    10933EUR2 00020051066  021225AUTO MOTO ECOLE TINQUEUX         COMPTE COURANT   0000000007653J021225031225
0730066    10933EUR2 00020051066  031225                                                  0000000007653J
0130066    10105EUR2 00020371042  021225SCI DU FRIEGE                    COMPTE COURANT   0000000003790D021225031225
0730066    10105EUR2 00020371042  031225                                                  0000000003790D
0130066    10920EUR2 00020711079  021225SCI DE LA RUE DEZITTER           COMPTE COURANT   0000000001061G021225031225
0430066930510920EUR2 0002071107918031225  031225VIR CPAM DU VAL D OISE           0000000 00000000065738G
0530066    10920EUR2 0002071107918031225     LIB0000009568710083358500251202
0530066    10920EUR2 0002071107918031225     NOMCPAM DU VAL D OISE                 LLOBET CECILE
0530066    10920EUR2 0002071107918031225     NBELLOBET CECILE
0530066    10920EUR2 0002071107918031225     NPYCPAM DU VAL D OISE
0530066    10920EUR2 0002071107918031225     LCC0000009568710083358500251202
0530066    10920EUR2 0002071107918031225     RCN0000009568710083358500251202
0530066    10920EUR2 0002071107918031225     REFM00272025-12-02-13.30.29.424345
0530066    10920EUR2 0002071107918031225     CBEFR7630066109200002071970150
0430066930510920EUR2 0002071107918031225  031225VIR CETIP CETIP                  0000000 00000000000426{
0530066    10920EUR2 0002071107918031225     LIB000007-956871008
0530066    10920EUR2 0002071107918031225     LIB6871008-0000476776-0115-
0530066    10920EUR2 0002071107918031225     NOMCETIP CETIP                        CECILE LLOBET
0530066    10920EUR2 0002071107918031225     NBECECILE LLOBET
0530066    10920EUR2 0002071107918031225     NPYCETIP CETIP
0530066    10920EUR2 0002071107918031225     LCCTP-20251203-ISANTE              -956871008-0000476776-0115-
0530066    10920EUR2 0002071107918031225     RCN000007-956871008
0530066    10920EUR2 0002071107918031225     REFFR25120262004318
0530066    10920EUR2 0002071107918031225     CBEFR7630066109200002071970150
0430066930510920EUR2 0002071107918031225  031225VIR CETIP CETIP                  0000000 00000000003765H
0530066    10920EUR2 0002071107918031225     LIB000018-956871008
0530066    10920EUR2 0002071107918031225     LIB6871008-0000476776-0115-
0530066    10920EUR2 0002071107918031225     NOMCETIP CETIP                        CECILE LLOBET
0530066    10920EUR2 0002071107918031225     NBECECILE LLOBET
0530066    10920EUR2 0002071107918031225     NPYCETIP CETIP
0530066    10920EUR2 0002071107918031225     LCCTP-20251203-SPSANT              -956871008-0000476776-0115-
0530066    10920EUR2 0002071107918031225     RCN000018-956871008
0530066    10920EUR2 0002071107918031225     REFFR25120262039434
0530066    10920EUR2 0002071107918031225     CBEFR7630066109200002071970150
0730066    10920EUR2 00020711079  031225                                                  0000000070992B