0118079    75335EUR2 02618780483  021225BERGUERIE PHILIPPE                                0000003639766F0000
0418079    75335EUR2E0261878048328031225  031225CARTE 03/12 OVH SAS ROUBAIX      00000000 0000000000194NMCC 4816 COMPUTE
0518079    75335EUR2 0261878048328031225     LIBMCC 4816 COMPUTER EUR     19 45
0518079    75335EUR2 0261878048328031225     LIB4971330005668726000
0718079    75335EUR2 02618780483  031225                                                  0000003639572A
0119106    00015EUR2 44700092044  021225LA PAUSE DETENTE                 COMPTE COURANT   0000000128093A  232
0719106    00015EUR2 44700092044  031225        ------------------------------            0000000128093A
0116606    00001EUR2 84881930507  021225PHI & AL                         COMPTE COURANT   0000000052533F  232
0416606007500001EUR2E8488193050708021225  051225ASSU. CAAE PRET HABITAT 12/25    0000000100000000000405Q
0716606    00001EUR2 84881930507  031225                                                  0000000052127H
0116106    00021EUR2 86409199433  021225MLLE PODEVIN PASCALE             LA CORVETTE      0000000018678I  232
0716106    00021EUR2 86409199433  031225        ------------------------------            0000000018678I
0116606    00001EUR2 84870140652  021225SAS NOOSA PIZZA   SERVAIS INGRID COMPTE COURANT   0000000058967E  232
0416606007500001EUR2E8487014065208021225  051225ASSU. CAAE PRET HABITAT 12/25    0000000100000000000394}
0716606    00001EUR2 84870140652  031225                                                  0000000058573E
0116606    00001EUR2 84857750987  021225AGP RENOVATION                   COMPTE COURANT   0000000091818I  232
0416606007500001EUR2E8485775098708021225  051225ASSU. CAAE PRET HABITAT 12/25    0000000100000000000282K
0716606    00001EUR2 84857750987  031225                                                  0000000091536G
0118079    92214EUR2 02366320458  021225COMBAT AVOCATS                Compte courant Comb 0000000133834A0000
0718079    92214EUR2 02366320458  031225                                                  0000000133834A
0116106    00021EUR2 86405041234  021225TREXSO                           COMPTE COURANT   0000000005366E  232
0416106002600021EUR2E8640504123406031225  031225WEB SCI GMM DU NORD - DAV        0000000100000000011000}
0516106    00021EUR2 8640504123406031225     NPYM.       VIAUD GREGORY
0516106    00021EUR2 8640504123406031225     NBESCI GMM DU NORD - DAV
0516106    00021EUR2 8640504123406031225     RCNLOYER SCI GMM DU NORD
0516106    00021EUR2 8640504123406031225     LIBAGRIFRPP861
0516106    00021EUR2 8640504123406031225     MMOEUR200000000110000
0516106    00021EUR2 8640504123406031225     CBEFR7616106000218640919334924
0716106    00021EUR2 86405041234  031225                                                  0000000005633N