0110207    00052EUR2 22217782342  281125LK DEVELOPPEMENT                 COMPTE COURANT   0000001769984F
0410207053700052EUR2E2221778234208011225  011225EUROPRELEVEMENT                  09WF6HE100000000013582MT      F
0510207    00052EUR2 2221778234208011225     LIBTRATON FINANCIAL/2461526 2679487
0510207    00052EUR2 2221778234208011225     LIBMFS/083480/C01
0510207    00052EUR2 2221778234208011225     LIBPRLV SEPA TRATON FINANCI
0710207    00052EUR2 22217782342  011225                                                  0000001756402B
0110107    00342EUR2 00929031259  281125SOCIETE CIVILE IMMOBILIERE IREM  COMPTE COURANT   0000000101398E
0410107005000342EUR2E0092903125904301125  301125VERSEMENT            050    000  5208619  0000000001926A
0410107005000342EUR2E0092903125904301125  301125VERSEMENT            050    000  4550277  0000000009550{
0410107005000342EUR2E0092903125904301125  301125VERSEMENT            050    000  4550262  0000000018300{
0410107056900342EUR2E0092903125905011225  011225VIREMENT SEPA RECU   569    000  2816784  0000000001665I
0510107    00342EUR2 0092903125905011225     NPYEDENRED FRANCE
0510107    00342EUR2 0092903125905011225     LCCERF-TRD-2027227-25112025-1
0510107    00342EUR2 0092903125905011225     RCNVSCT-TX-636
0510107    00342EUR2 0092903125905011225     LIBSOGEFRPPXXX
0410107020700342EUR2E0092903125930011225  011225REMISE CB            207    000  0199630  0000000000632D
0510107    00342EUR2 0092903125930011225     LIBMT. BRUT.          63 70 EUR REF. 5123018001
0510107    00342EUR2 0092903125930011225     LIB(FRAIS E.    0 46 DONT HT E.    0 38
0510107    00342EUR2 0092903125930011225     LIBTVA TAUX 20 00   E.    0 08)
0410107020700342EUR2E0092903125930011225  011225REMISE CB            207    000  0100374  0000000006196F
0510107    00342EUR2 0092903125930011225     LIBMT. BRUT.         624 15 EUR REF. 5123028001
0510107    00342EUR2 0092903125930011225     LIB(FRAIS E.    4 49 DONT HT E.    3 74
0510107    00342EUR2 0092903125930011225     LIBTVA TAUX 20 00   E.    0 75)
0410107087600342EUR2E00929031259C1291125  291125VIREMENT INST. EMIS  876    000  95016930 0000000000960}
0510107    00342EUR2 00929031259C1291125     NBEVALBUSA FREDERIC
0510107    00342EUR2 00929031259C1291125     LCCFACTURE F2025-2512 - PIEKARZ
0510107    00342EUR2 00929031259C1291125     RCNNOTPROVIDED
0510107    00342EUR2 00929031259C1291125     LIBCMCIFRP1MON
0510107    00342EUR2 00929031259C1291125     LIB29/11/2025 14 07 33 CET
0410107051800342EUR2E00929031259B1011225  011225PRELEVEMENT SEPA     518    000  28161840 0000000010437L
0510107    00342EUR2 00929031259B1011225     NBEBRED BANQUE POPULAIRE.
0510107    00342EUR2 00929031259B1011225     LCC479733/00-F25110010006835
0510107    00342EUR2 00929031259B1011225     IBEFR80ZZZ135437                      SEPA
0510107    00342EUR2 00929031259B1011225     RUM011370900253CB0001                 RCUR
0510107    00342EUR2 00929031259B1011225     RCN80831967
0410107036500342EUR2E0092903125991011225  011225VIREMENT AUTOMATIQUE 365    000  25685100 0000000018557}
0510107    00342EUR2 0092903125991011225     LIBSAFAR 32676              ECH 011225
0510107    00342EUR2 0092903125991011225     LIBPIEKARZ 32676
0710107    00342EUR2 00929031259  011225                                                  0000000109715B
0110207    00007EUR2 22219897503  281125S.C.I. DAM                       COMPTE COURANT   0000000336861H
0410207053700007EUR2E2221989750308011225  011225EUROPRELEVEMENT                  09XSVCQ100000000000099R
0510207    00007EUR2 2221989750308011225     LIBFM-96650249-1
0510207    00007EUR2 2221989750308011225     LIBPRLV SEPA FREE MOBILE
0410207021400007EUR2E2221989750311011225  011225FACTURE CB                       FF6T68Q100000000006299RDARTY.COM      F
0510207    00007EUR2 2221989750311011225     LIBDARTY.COM      FR BONDY
0510207    00007EUR2 2221989750311011225     LIB629 99EUR 1 EURO   1 000000
0510207    00007EUR2 2221989750311011225     LIB281125 CB****4155
0710207    00007EUR2 22219897503  011225                                                  0000000330462{
0110107    00342EUR2 00312077208  281125AGP RENOVATION                   COMPTE COURANT   0000000035409E
0410107056900342EUR2E0031207720805011225  011225VIREMENT SEPA RECU   569    000  2816921  0000000015569C
0510107    00342EUR2 0031207720805011225     NPYCPAM 77
0510107    00342EUR2 0031207720805011225     LCC0000007725594983310031251128
0510107    00342EUR2 0031207720805011225     RCN0000007725594983310031251128
0510107    00342EUR2 0031207720805011225     LIBBREDFRPPXXX
0410107056900342EUR2E0031207720805011225  011225VIREMENT SEPA RECU   569    000  2816921  0000000000408B
0510107    00342EUR2 0031207720805011225     NPYCPAM ESSONNE
0510107    00342EUR2 0031207720805011225     LCC0000007725594983311851251128
0510107    00342EUR2 0031207720805011225     RCN0000007725594983311851251128
0510107    00342EUR2 0031207720805011225     LIBBREDFRPPXXX
0410107056900342EUR2E0031207720805011225  011225VIREMENT SEPA RECU   569    000  2816921  0000000002643C
0510107    00342EUR2 0031207720805011225     NPYCPAM YONNE -DEPENSES
0510107    00342EUR2 0031207720805011225     LCC0000007725594983318540251128
0510107    00342EUR2 0031207720805011225     RCN0000007725594983318540251128
0510107    00342EUR2 0031207720805011225     LIBBREDFRPPXXX
0410107003800342EUR2E0031207720811011225  011225TRANSACTION CARTE    038    000  23660940 0000000000639Q
0510107    00342EUR2 0031207720811011225     LIBCERTAS ESSOF234 LE 29/11/25  CB.XXXXX4122
0510107    00342EUR2 0031207720811011225     LIBORIGINE   FRANCE            MONTANT   63 98 EUR
0410107003800342EUR2E0031207720811011225  011225TRANSACTION CARTE    038    000  18780290 0000000000220}
0510107    00342EUR2 0031207720811011225     LIBVIAND BOUCHERIE LE 29/11/25  CB.XXXXX4122
0510107    00342EUR2 0031207720811011225     LIBORIGINE   FRANCE            MONTANT   22 00 EUR
0410107003800342EUR2E0031207720811011225  011225TRANSACTION CARTE    038    000  53324500 0000000000213Q
0510107    00342EUR2 0031207720811011225     LIBAUCHAN SUP 228  LE 28/11/25  CB.XXXXX4122
0510107    00342EUR2 0031207720811011225     LIBORIGINE   FRANCE            MONTANT   21 38 EUR
0410107003800342EUR2E0031207720811011225  011225TRANSACTION CARTE    038    000  70223540 0000000000060}
0510107    00342EUR2 0031207720811011225     LIBRELAIS H MARRON LE 28/11/25  CB.XXXXX4122
0510107    00342EUR2 0031207720811011225     LIBORIGINE   FRANCE            MONTANT   6 00 EUR
0410107087600342EUR2E00312077208C1291125  291125VIREMENT INST. EMIS  876    000  73AB04A0 0000000014400}
0510107    00342EUR2 00312077208C1291125     NBEGIE GT6 TAXIS
0510107    00342EUR2 00312077208C1291125     LCCCOTISATION ANNUELLE 2025 GT6 TAXIS KHAN
0510107    00342EUR2 00312077208C1291125     RCNNOTPROVIDED
0510107    00342EUR2 00312077208C1291125     LIBCCBPFRPPDJN
0510107    00342EUR2 00312077208C1291125     LIB29/11/2025 21 00 02 CET
0710107    00342EUR2 00312077208  011225                                                  0000000038496G