0110207    00233EUR2 23219872262  021225THEMA PLUS SARL               THEMA PLUS SARL     0000000937450{
0410207022600233EUR2E2321987226291031225  021225ECHEANCE PRET                    8880202000000000010870RDONT CAP    975
0510207    00233EUR2 2321987226291031225     LIBDONT CAP    975 97 ASS.    0 00E
0510207    00233EUR2 2321987226291031225     LIB     INT.   111 12 COM.    0 00E
0710207    00233EUR2 23219872262  031225                                                  0000000926579A
0118707    00035EUR2 09521723538  021225SCI DC                           COMPTE COURANT   0000001299248A
0418707059300035EUR2E0952172353805031225  031225VIR INST                         WM42KOQ100000000002400{SCTINSTOUT F6H12
0518707    00035EUR2 0952172353805031225     LIBSCTINSTOUTYF6H12SEQZ2TECTNKZIL1Q
0518707    00035EUR2 0952172353805031225     LIBSKU0032
0518707    00035EUR2 0952172353805031225     LIBVIR INST ARIA
0418707052300035EUR2E0952172353806031225  031225SEPA INTERNET                    4126957100000000008090K        -  36781
0518707    00035EUR2 0952172353806031225     LIBKILOUTOU-FA36781387-OZ
0518707    00035EUR2 0952172353806031225     LIBKILOUTOU-FA36781387-OZ
0518707    00035EUR2 0952172353806031225     LIBVIR KILOUTOU
0418707054300035EUR2E0952172353809031225  031225REMISE EUROPREL                  0GBC1QB100000000009600{COWORK-SINELIANC
0518707    00035EUR2 0952172353809031225     LIBCOWORK-SINELIANCE
0518707    00035EUR2 0952172353809031225     LIBREMISE SDD REMISE EUROPR
0418707054300035EUR2E0952172353809031225  031225REMISE EUROPREL                  0GFBNU1100000000004800{COWORKLHOTELLIER
0518707    00035EUR2 0952172353809031225     LIBCOWORKLHOTELLIER
0518707    00035EUR2 0952172353809031225     LIBREMISE SDD REMISE EUROPR
0718707    00035EUR2 09521723538  031225                                                  0000001307957I
0110207    00159EUR2 22219159748  021225L'EPICURIEN                      COMPTE COURANT   0000000818207C
0410207021400159EUR2E2221915974811031225  031225FACTURE CB                       FIHVJK6100000000000348}CLOS DU CHATEAUF
0510207    00159EUR2 2221915974811031225     LIBCLOS DU CHATEAUFR ST GRATIEN
0510207    00159EUR2 2221915974811031225     LIB34 80EUR 1 EURO   1 000000
0510207    00159EUR2 2221915974811031225     LIB021225 CB****1795
0410207021400159EUR2E2221915974811031225  031225FACTURE CB                       FIHVJK7100000000001026NCHARGEMAP      F
0510207    00159EUR2 2221915974811031225     LIBCHARGEMAP      FR STRASBOURG
0510207    00159EUR2 2221915974811031225     LIB102 65EUR 1 EURO   1 000000
0510207    00159EUR2 2221915974811031225     LIB021225 CB****1795
0710207    00159EUR2 22219159748  031225                                                  0000000816832H
0110107    00211EUR2 00014025586  021225** PAS DE MOUVEMENT CE JOUR **                    0000000051705C
0710107    00211EUR2 00014025586  031225                                                  0000000051705C
0110207    00220EUR2 23213326585  021225EMON RESTAURANT DU LAC B         COMPTE COURANT   0000000039842B
0410207050500220EUR2E2321332658505031225  031225EUROVIREMENT                     FGFEKBT000000000000084HNIT-TRD-2108129-
0510207    00220EUR2 2321332658505031225     LIBNIT-TRD-2108129-01122025-01
0510207    00220EUR2 2321332658505031225     LIBEVI REGLEMENT AFFILIES B
0510207    00220EUR2 2321332658505031225     MMOEUR2000000000008480000000000000
0510207    00220EUR2 2321332658505031225     NPYREGLEMENT AFFILIES BIMPLI TR
0510207    00220EUR2 2321332658505031225     NBEMAISON VASSEUR
0510207    00220EUR2 2321332658505031225     LCCNIT-TRD-2108129-01122025-01
0510207    00220EUR2 2321332658505031225     RCN01/12/2025 NIT RBTMONETIQUE - 2418
0410207053700220EUR2E2321332658508031225  031225EUROPRELEVEMENT                  09Z7Z2E100000000010893QPRELEVEMENT FACT
0510207    00220EUR2 2321332658508031225     LIBPRELEVEMENT FACTURE 26001800 FAC
0510207    00220EUR2 2321332658508031225     LIBVAS9501
0510207    00220EUR2 2321332658508031225     LIBPRLV SEPA SOCIETE SERVAE
0710207    00220EUR2 23213326585  031225                                                  0000000029033B
0110207    00159EUR2 21211275755  021225PAGE STEPHIE DOMINIQUE           COMPTE COURANT   0000015893355F
0410207050500159EUR2E2121127575505031225  031225EUROVIREMENT                     FGFEH0R000000000016695EBLMZCD366B F   F
0510207    00159EUR2 2121127575505031225     LIBBLMZCD366B FAC FB2167
0510207    00159EUR2 2121127575505031225     LIBEVI SDC 7 AVENUE DE LA B
0510207    00159EUR2 2121127575505031225     MMOEUR2000000001669550000000000000
0510207    00159EUR2 2121127575505031225     NPYSDC 7 AVENUE DE LA BEDOYERE
0510207    00159EUR2 2121127575505031225     NBEENERPUR ETANCHEITE
0510207    00159EUR2 2121127575505031225     LCCBLMZCD366B FAC FB2167
0510207    00159EUR2 2121127575505031225     RCNCD366B
0410207050500159EUR2E2121127575505031225  031225EUROVIREMENT                     FGFEOMZ000000000002648FV           02/1
0510207    00159EUR2 2121127575505031225     LIBVIREMENT DU 02/12/2025 - SYNDICA
0510207    00159EUR2 2121127575505031225     LIBT 23B RTE MONTESSON LE VESINET -
0510207    00159EUR2 2121127575505031225     LIBEVI SYNDICAT 23B RTE MON
0510207    00159EUR2 2121127575505031225     MMOEUR2000000000264860000000000000
0510207    00159EUR2 2121127575505031225     NPYSYNDICAT 23B RTE MONTESSON LE VESINET
0510207    00159EUR2 2121127575505031225     NBEENERPUR
0510207    00159EUR2 2121127575505031225     LCCVIREMENT DU 02/12/2025 - SYNDICAT 23B RTE MONTESSON LE VESINET - PREMI
0510207    00159EUR2 2121127575505031225     LC2VIREMENT DU 02/12/2025 - SYNDICAT 23B RTE MONTESSON LE VESINET - PREMI
0510207    00159EUR2 2121127575505031225     RCNFACTURE  FB2413 DU 27/11/2025
0410207050500159EUR2E2121127575505031225  031225EUROVIREMENT                     FGFF36A000000000015840{L  C
0510207    00159EUR2 2121127575505031225     LIBLE COTEAU
0510207    00159EUR2 2121127575505031225     LIBEVI SDC LE COTEAU
0510207    00159EUR2 2121127575505031225     MMOEUR2000000001584000000000000000
0510207    00159EUR2 2121127575505031225     NPYSDC LE COTEAU
0510207    00159EUR2 2121127575505031225     NBEENERPUR ETANCHEITE
0510207    00159EUR2 2121127575505031225     LCCLE COTEAU
0510207    00159EUR2 2121127575505031225     RCN151831261
0410207050500159EUR2E2121127575505031225  031225EUROVIREMENT                     FGFF38F000000000009878HSDC 18  B   R
0510207    00159EUR2 2121127575505031225     LIBSDC 18  BIS RUE DE VERDUN
0510207    00159EUR2 2121127575505031225     LIBEVI SDC 18 BIS RUE DE VE
0510207    00159EUR2 2121127575505031225     MMOEUR2000000000987880000000000000
0510207    00159EUR2 2121127575505031225     NPYSDC 18 BIS RUE DE VERDUN
0510207    00159EUR2 2121127575505031225     NBEENERPUR ETANCHEITE
0510207    00159EUR2 2121127575505031225     LCCSDC 18  BIS RUE DE VERDUN
0510207    00159EUR2 2121127575505031225     RCN151831260
0410207053700159EUR2E2121127575508031225  031225EUROPRELEVEMENT                  09ZE828100000000000431PSFR P     SEPA 9
0510207    00159EUR2 2121127575508031225     LIBSFR PRLVT SEPA 99-1BFZ30-01 0033
0510207    00159EUR2 2121127575508031225     LIBGP20160621208907
0510207    00159EUR2 2121127575508031225     LIBPRLV SEPA SFR
0410207053700159EUR2E2121127575508031225  031225EUROPRELEVEMENT                  09Z7AYW100000000000316J407-0796974-5718
0510207    00159EUR2 2121127575508031225     LIB407-0796974-5718709 AMZN MKTP FR
0510207    00159EUR2 2121127575508031225     LIBIDH(9RNZ D5T0F5I WAAJCIHR6T(8W
0510207    00159EUR2 2121127575508031225     LIBPRLV SEPA AMAZON PAYMENT
0410207053700159EUR2E2121127575508031225  031225EUROPRELEVEMENT                  09Z7AUR100000000000269R407-2906299-1492
0510207    00159EUR2 2121127575508031225     LIB407-2906299-1492315 AMAZON.FR 53
0510207    00159EUR2 2121127575508031225     LIBIDH(9RNZ D5T0F5I WAAJCIHR6T(8W
0510207    00159EUR2 2121127575508031225     LIBPRLV SEPA AMAZON EU SARL
0410207050500159EUR2E2121127575505031225  031225EUROVIREMENT                     FI2WPIF000000000002816{P.FAC. 25.J3.04.
0510207    00159EUR2 2121127575505031225     LIBP.FAC. 25.J3.04.11.68871
0510207    00159EUR2 2121127575505031225     LIBEVI SDC LE JARDIN DES HA
0510207    00159EUR2 2121127575505031225     MMOEUR2000000000281600000000000000
0510207    00159EUR2 2121127575505031225     NPYSDC LE JARDIN DES HARAS 45/772
0510207    00159EUR2 2121127575505031225     NBESTE ENERPUR
0510207    00159EUR2 2121127575505031225     LCCP.FAC. 25.J3.04.11.68871
0510207    00159EUR2 2121127575505031225     RCNP.FAC. 25.J3.04.11.68871
0410207050500159EUR2E2121127575505031225  031225EUROVIREMENT                     FI2WP3P000000000003366{FB2329
0510207    00159EUR2 2121127575505031225     LIBFB2329
0510207    00159EUR2 2121127575505031225     LIB   GROUPE FPG
0510207    00159EUR2 2121127575505031225     LIBEVI SDC 17 AV DE LA REPU
0510207    00159EUR2 2121127575505031225     MMOEUR2000000000336600000000000000
0510207    00159EUR2 2121127575505031225     NPYSDC 17 AV DE LA REPUBLIQUE MESNI
0510207    00159EUR2 2121127575505031225     NBEENERPUR
0510207    00159EUR2 2121127575505031225     LCCFB2329                             GROUPE FPG
0510207    00159EUR2 2121127575505031225     RCNVH53363H3R3CLK01
0410207052300159EUR2E2121127575506031225  031225EVI OCCAS CYBER                  3645891100000000000758RFA   16002RX2502
0510207    00159EUR2 2121127575506031225     LIBFA N 16002RX25023308 DU 30/09/25
0510207    00159EUR2 2121127575506031225     LIBFA N 16002RX25023308 DU 30/09/25
0510207    00159EUR2 2121127575506031225     LIBEVI TERSEN PIERRELAYE
0410207052300159EUR2E2121127575506031225  031225EVI OCCAS CYBER                  3645976100000000002772}FA   16002RX2502
0510207    00159EUR2 2121127575506031225     LIBFA N 16002RX25023323 DU 30/09/25
0510207    00159EUR2 2121127575506031225     LIBFA N 16002RX25023323 DU 30/09/25
0510207    00159EUR2 2121127575506031225     LIBEVI TERSEN PIERRELAYE
0410207052300159EUR2E2121127575506031225  031225EVI OCCAS CYBER                  3646240100000000050000}F         2025-9
0510207    00159EUR2 2121127575506031225     LIBFACTURE N 2025-93 DU 28/11/2025
0510207    00159EUR2 2121127575506031225     LIBFACTURE N 2025-93 DU 28/11/2025
0510207    00159EUR2 2121127575506031225     LIBEVI ARCESBAT
0410207052300159EUR2E2121127575506031225  031225EVI OCCAS CYBER                  3646340100000000007789MF         FV2516
0510207    00159EUR2 2121127575506031225     LIBFACTURE N FV251633 DU 29/10/25
0510207    00159EUR2 2121127575506031225     LIBFACTURE N FV251633 DU 29/10/25
0510207    00159EUR2 2121127575506031225     LIBEVI BTP LEVAGE
0410207052300159EUR2E2121127575506031225  031225EVI OCCAS CYBER                  3649605100000000005130JF         FV2516
0510207    00159EUR2 2121127575506031225     LIBFACTURE N FV251634 DU 29/10/2025
0510207    00159EUR2 2121127575506031225     LIBFACTURE N FV251634 DU 29/10/2025
0510207    00159EUR2 2121127575506031225     LIBEVI BTP LEVAGE
0410207052300159EUR2E2121127575506031225  031225EVI OCCAS CYBER                  3650503100000000004645MF         FV2516
0510207    00159EUR2 2121127575506031225     LIBFACTURE N FV251632 DU 29/10/25
0510207    00159EUR2 2121127575506031225     LIBFACTURE N FV251632 DU 29/10/25
0510207    00159EUR2 2121127575506031225     LIBEVI BTP LEVAGE
0410207052300159EUR2E2121127575506031225  031225EVI OCCAS CYBER                  3651182100000000033898}F       N F32991
0510207    00159EUR2 2121127575506031225     LIBFACTURE N F329916 DU 03/10/2025
0510207    00159EUR2 2121127575506031225     LIBFACTURE N F329916 DU 03/10/2025
0510207    00159EUR2 2121127575506031225     LIBEVI SAPELMECA
0410207052300159EUR2E2121127575506031225  031225EVI OCCAS CYBER                  3651343100000000070966QF         VFE235
0510207    00159EUR2 2121127575506031225     LIBFACTURE N VFE235847 DU 07/10/202
0510207    00159EUR2 2121127575506031225     LIBFACTURE N VFE235847 DU 07/10/202
0510207    00159EUR2 2121127575506031225     LIBEVI DANI ALU
0410207052300159EUR2E2121127575506031225  031225EVI OCCAS CYBER                  3651471100000000060022QF         VFE235
0510207    00159EUR2 2121127575506031225     LIBFACTURE N VFE235848 DU 07/10/202
0510207    00159EUR2 2121127575506031225     LIBFACTURE N VFE235848 DU 07/10/202
0510207    00159EUR2 2121127575506031225     LIBEVI DANI ALU
0410207052300159EUR2E2121127575506031225  031225EVI OCCAS CYBER                  3651586100000000060673KF         VFE235
0510207    00159EUR2 2121127575506031225     LIBFACTURE N VFE235849 DU 07/10/202
0510207    00159EUR2 2121127575506031225     LIBFACTURE N VFE235849 DU 07/10/202
0510207    00159EUR2 2121127575506031225     LIBEVI DANI ALU
0410207052300159EUR2E2121127575506031225  031225EVI OCCAS CYBER                  3651775100000000000660}F         410250
0510207    00159EUR2 2121127575506031225     LIBFACTURE N 410250495 DU 31/10/25
0510207    00159EUR2 2121127575506031225     LIBFACTURE N 410250495 DU 31/10/25
0510207    00159EUR2 2121127575506031225     LIBEVI ARC EN CIEL RECYCLAG
0410207052300159EUR2E2121127575506031225  031225EVI OCCAS CYBER                  3652348100000000001584}F         FE8370
0510207    00159EUR2 2121127575506031225     LIBFACTURE N FE8370 DU 31/10/2025
0510207    00159EUR2 2121127575506031225     LIBFACTURE N FE8370 DU 31/10/2025
0510207    00159EUR2 2121127575506031225     LIBEVI BREDA
0410207052300159EUR2E2121127575506031225  031225EVI OCCAS CYBER                  3652441100000000016370OF         105286
0510207    00159EUR2 2121127575506031225     LIBFACTURE N 1052862 DU 31/10/2025
0510207    00159EUR2 2121127575506031225     LIBFACTURE N 1052862 DU 31/10/2025
0510207    00159EUR2 2121127575506031225     LIBEVI SARL GARAGE DU PONT
0410207052300159EUR2E2121127575506031225  031225EVI OCCAS CYBER                  3652574100000000000756}F         FD7159
0510207    00159EUR2 2121127575506031225     LIBFACTURE N FD7159 DU 16/10/2025
0510207    00159EUR2 2121127575506031225     LIBFACTURE N FD7159 DU 16/10/2025
0510207    00159EUR2 2121127575506031225     LIBEVI SARL PLIAGE EZANVILL
0410207052300159EUR2E2121127575506031225  031225EVI OCCAS CYBER                  3652663100000000028914}F         VFE236
0510207    00159EUR2 2121127575506031225     LIBFACTURE N VFE236054 DU 14/10/202
0510207    00159EUR2 2121127575506031225     LIBFACTURE N VFE236054 DU 14/10/202
0510207    00159EUR2 2121127575506031225     LIBEVI DANI ALU
0410207052300159EUR2E2121127575506031225  031225EVI OCCAS CYBER                  3652842100000000002730MF         141325
0510207    00159EUR2 2121127575506031225     LIBFACTURE N 141325110 DU 30/09/25
0510207    00159EUR2 2121127575506031225     LIBFACTURE N 141325110 DU 30/09/25
0510207    00159EUR2 2121127575506031225     LIBEVI WC LOC - ENYGEA
0410207052300159EUR2E2121127575506031225  031225EVI OCCAS CYBER                  3653009100000000015480}F         FD7157
0510207    00159EUR2 2121127575506031225     LIBFACTURE N FD7157 DU 16/10/2025
0510207    00159EUR2 2121127575506031225     LIBFACTURE N FD7157 DU 16/10/2025
0510207    00159EUR2 2121127575506031225     LIBEVI SARL PLIAGE EZANVILL
0410207052300159EUR2E2121127575506031225  031225EVI OCCAS CYBER                  3653165100000000009888}F         FD7156
0510207    00159EUR2 2121127575506031225     LIBFACTURE N FD7156 DU 16/10/25
0510207    00159EUR2 2121127575506031225     LIBFACTURE N FD7156 DU 16/10/25
0510207    00159EUR2 2121127575506031225     LIBEVI SARL PLIAGE EZANVILL
0410207052300159EUR2E2121127575506031225  031225EVI OCCAS CYBER                  3653749100000000025364LF         820365
0510207    00159EUR2 2121127575506031225     LIBFACTURE N 8203651 DU 31/10/2025
0510207    00159EUR2 2121127575506031225     LIBFACTURE N 8203651 DU 31/10/2025
0510207    00159EUR2 2121127575506031225     LIBEVI DEOLBOIS
0410207052300159EUR2E2121127575506031225  031225EVI OCCAS CYBER                  3653871100000000005250}F         626339
0510207    00159EUR2 2121127575506031225     LIBFACTURE N 62633913 DU 31/10/2025
0510207    00159EUR2 2121127575506031225     LIBFACTURE N 62633913 DU 31/10/2025
0510207    00159EUR2 2121127575506031225     LIBEVI ZOLPAN
0410207052300159EUR2E2121127575506031225  031225EVI OCCAS CYBER                  3653948100000000007176}F         FV2517
0510207    00159EUR2 2121127575506031225     LIBFACTURE N FV251704 DU 31/10/2025
0510207    00159EUR2 2121127575506031225     LIBFACTURE N FV251704 DU 31/10/2025
0510207    00159EUR2 2121127575506031225     LIBEVI BTP LEVAGE
0410207052300159EUR2E2121127575506031225  031225EVI OCCAS CYBER                  3654035100000000029020QF         VFE235
0510207    00159EUR2 2121127575506031225     LIBFACTURE N VFE235890 DU 08/10/202
0510207    00159EUR2 2121127575506031225     LIBFACTURE N VFE235890 DU 08/10/202
0510207    00159EUR2 2121127575506031225     LIBEVI DANI ALU
0410207052300159EUR2E2121127575506031225  031225EVI OCCAS CYBER                  3654124100000000014103QF         239245
0510207    00159EUR2 2121127575506031225     LIBFACTURE N 239245 DU 31/10/2025
0510207    00159EUR2 2121127575506031225     LIBFACTURE N 239245 DU 31/10/2025
0510207    00159EUR2 2121127575506031225     LIBEVI GEFIX
0410207052300159EUR2E2121127575506031225  031225EVI OCCAS CYBER                  3654237100000000003060}F         FD7158
0510207    00159EUR2 2121127575506031225     LIBFACTURE N FD7158 DU 16/10/2025
0510207    00159EUR2 2121127575506031225     LIBFACTURE N FD7158 DU 16/10/2025
0510207    00159EUR2 2121127575506031225     LIBEVI SARL PLIAGE EZANVILL
0410207052300159EUR2E2121127575506031225  031225EVI OCCAS CYBER                  3654428100000000026880}F         2025-0
0510207    00159EUR2 2121127575506031225     LIBFACTURE N 2025-045859 DU 31/10/2
0510207    00159EUR2 2121127575506031225     LIBFACTURE N 2025-045859 DU 31/10/2
0510207    00159EUR2 2121127575506031225     LIBEVI ECO DROP
0410207052300159EUR2E2121127575506031225  031225EVI OCCAS CYBER                  3654514100000000040788}F         250019
0510207    00159EUR2 2121127575506031225     LIBFACTURE N 2500190285 DU 31/10/25
0510207    00159EUR2 2121127575506031225     LIBFACTURE N 2500190285 DU 31/10/25
0510207    00159EUR2 2121127575506031225     LIBEVI RIWAL
0410207052300159EUR2E2121127575506031225  031225EVI OCCAS CYBER                  3654595100000000004488}F         250018
0510207    00159EUR2 2121127575506031225     LIBFACTURE N 2500189063  DU 15/10/2
0510207    00159EUR2 2121127575506031225     LIBFACTURE N 2500189063  DU 15/10/2
0510207    00159EUR2 2121127575506031225     LIBEVI RIWAL
0410207052300159EUR2E2121127575506031225  031225EVI OCCAS CYBER                  3654732100000000144640}F         10-14
0510207    00159EUR2 2121127575506031225     LIBFACTURE N 10-14 DU 30/10/2025
0510207    00159EUR2 2121127575506031225     LIBFACTURE N 10-14 DU 30/10/2025
0510207    00159EUR2 2121127575506031225     LIBEVI GERARD LAIR
0410207052300159EUR2E2121127575506031225  031225EVI OCCAS CYBER                  3654816100000000003000}F         F-2025
0510207    00159EUR2 2121127575506031225     LIBFACTURE N F-2025-11283 DU 03/11/
0510207    00159EUR2 2121127575506031225     LIBFACTURE N F-2025-11283 DU 03/11/
0510207    00159EUR2 2121127575506031225     LIBEVI TERRE ETANCHEITE
0410207021400159EUR2E2121127575511031225  031225FACTURE CB                       FIHVPVL100000000000007}HORODAT ML PBPHF
0510207    00159EUR2 2121127575511031225     LIBHORODAT ML PBPHFR 78MAISONSLAF
0510207    00159EUR2 2121127575511031225     LIB0 70EUR 1 EURO   1 000000
0510207    00159EUR2 2121127575511031225     LIB021225 CB****4284
0410207021400159EUR2E2121127575511031225  031225FACTURE CB                       FIHVK8W100000000000079OLAPOSTE L920260F
0510207    00159EUR2 2121127575511031225     LIBLAPOSTE L920260FR COURBEVOIE P
0510207    00159EUR2 2121127575511031225     LIB7 96EUR 1 EURO   1 000000
0510207    00159EUR2 2121127575511031225     LIB021225 CB****3830
0410207021400159EUR2E2121127575511031225  031225FACTURE CB                       FIHVQ04100000000000030}STATBOULOGHORO F
0510207    00159EUR2 2121127575511031225     LIBSTATBOULOGHORO FR 92GPSO
0510207    00159EUR2 2121127575511031225     LIB3 00EUR 1 EURO   1 000000
0510207    00159EUR2 2121127575511031225     LIB021225 CB****9320
0410207021400159EUR2E2121127575511031225  031225FACTURE CB                       FIHVQ05100000000000030}STATBOULOGHORO F
0510207    00159EUR2 2121127575511031225     LIBSTATBOULOGHORO FR 92GPSO
0510207    00159EUR2 2121127575511031225     LIB3 00EUR 1 EURO   1 000000
0510207    00159EUR2 2121127575511031225     LIB021225 CB****9320
0410207021400159EUR2E2121127575511031225  031225FACTURE CB                       FIHVQ06100000000000089QLEROY MERLIN SCF
0510207    00159EUR2 2121127575511031225     LIBLEROY MERLIN SCFR BOIS D'ARCY
0510207    00159EUR2 2121127575511031225     LIB8 98EUR 1 EURO   1 000000
0510207    00159EUR2 2121127575511031225     LIB021225 CB****9320
0410207021400159EUR2E2121127575511031225  031225FACTURE CB                       FIHVQ07100000000002608KDLM LONGJUMEAU F
0510207    00159EUR2 2121127575511031225     LIBDLM LONGJUMEAU FR 91LONGJUMEAU
0510207    00159EUR2 2121127575511031225     LIB260 82EUR 1 EURO   1 000000
0510207    00159EUR2 2121127575511031225     LIB021225 CB****9320
0410207021400159EUR2E2121127575511031225  031225FACTURE CB                       FIHVKDC100000000000682JCHARGEMAP      F
0510207    00159EUR2 2121127575511031225     LIBCHARGEMAP      FR STRASBOURG
0510207    00159EUR2 2121127575511031225     LIB68 21EUR 1 EURO   1 000000
0510207    00159EUR2 2121127575511031225     LIB021225 CB****1080
0410207021400159EUR2E2121127575511031225  031225FACTURE CB                       FIHVPJW100000000000022}SANEF          F
0510207    00159EUR2 2121127575511031225     LIBSANEF          FR 60SENLIS
0510207    00159EUR2 2121127575511031225     LIB2 20EUR 1 EURO   1 000000
0510207    00159EUR2 2121127575511031225     LIB011225 CB****9301
0410207021400159EUR2E2121127575511031225  031225FACTURE CB                       FIHVPJX100000000000022}SANEF AUTOROUTEF
0510207    00159EUR2 2121127575511031225     LIBSANEF AUTOROUTEFR SENLIS
0510207    00159EUR2 2121127575511031225     LIB2 20EUR 1 EURO   1 000000
0510207    00159EUR2 2121127575511031225     LIB271125 CB****9301
0410207021400159EUR2E2121127575511031225  031225FACTURE CB                       FIHVPJY100000000000147OMS* HIFELABEGE F
0510207    00159EUR2 2121127575511031225     LIBMS* HIFELABEGE FR LEVALLOIS-PE
0510207    00159EUR2 2121127575511031225     LIB14 76EUR 1 EURO   1 000000
0510207    00159EUR2 2121127575511031225     LIB021225 CB****9301
0410207021400159EUR2E2121127575511031225  031225FACTURE CB                       FIHVPJZ100000000000399}CASTORAMA      F
0510207    00159EUR2 2121127575511031225     LIBCASTORAMA      FR ST ORENS1480
0510207    00159EUR2 2121127575511031225     LIB39 90EUR 1 EURO   1 000000
0510207    00159EUR2 2121127575511031225     LIB021225 CB****9301
0410207021400159EUR2E2121127575511031225  031225FACTURE CB                       FIHVPK0100000000000919RH        B     N
0510207    00159EUR2 2121127575511031225     LIBHOTEL AT BOOKINNL AMSTERDAM
0510207    00159EUR2 2121127575511031225     LIB91 99EUR 1 EURO   1 000000
0510207    00159EUR2 2121127575511031225     LIB021225 CB****9301
0410207021400159EUR2E2121127575511031225  031225FACTURE CB                       FIHVPJU100000000000013JHOTEL INNOSTAR F
0510207    00159EUR2 2121127575511031225     LIBHOTEL INNOSTAR FR LABEGE
0510207    00159EUR2 2121127575511031225     LIB1 31EUR 1 EURO   1 000000
0510207    00159EUR2 2121127575511031225     LIB011225 CB****9301
0410207021400159EUR2E2121127575511031225  031225FACTURE CB                       FIHVPJV100000000000022}SANEF AUTOROUTEF
0510207    00159EUR2 2121127575511031225     LIBSANEF AUTOROUTEFR SENLIS
0510207    00159EUR2 2121127575511031225     LIB2 20EUR 1 EURO   1 000000
0510207    00159EUR2 2121127575511031225     LIB251125 CB****9301
0710207    00159EUR2 21211275755  031225                                                  0000015261700{
0130258RLV 10000EUR2 08024136990  021225CAUVALEX MANUTENTION             COMPTE COURANT   0000000000000{        MT940
0730258RLV 10000EUR2 08024136990  031225                                                  0000000000000{
0110207    00142EUR2 70210592899  021225SARL DERICE                      COMPTE COURANT   0000000039045H
0410207053700142EUR2E7021059289908031225  031225EUROPRELEVEMENT                  09ZCHTA100000000006021MSAB26/00144710
0510207    00142EUR2 7021059289908031225     LIBSAB26/00144710
0510207    00142EUR2 7021059289908031225     LIBTFM6005490001
0510207    00142EUR2 7021059289908031225     LIBPRLV SEPA KINTO FRANCE-K
0410207050500142EUR2E7021059289905031225  031225EUROVIREMENT                     FI2WR4H000000000039360{FC09-2025-2352 2
0510207    00142EUR2 7021059289905031225     LIBFC09-2025-2352 20250930 00001259
0510207    00142EUR2 7021059289905031225     LIB69
0510207    00142EUR2 7021059289905031225     LIBEVI SOCIETE NATIONALE SN
0510207    00142EUR2 7021059289905031225     MMOEUR2000000003936000000000000000
0510207    00142EUR2 7021059289905031225     NPYSOCIETE NATIONALE SNCF
0510207    00142EUR2 7021059289905031225     IPY55204944792805
0510207    00142EUR2 7021059289905031225     NBEFASEO
0510207    00142EUR2 7021059289905031225     IBE48151266300024
0510207    00142EUR2 7021059289905031225     LCCFC09-2025-2352 20250930 0000125969
0510207    00142EUR2 7021059289905031225     RCN4260114358
0410207050500142EUR2E7021059289905031225  031225EUROVIREMENT                     FI2X1S2000000000160560{FASEO
0510207    00142EUR2 7021059289905031225     LIBFASEO
0510207    00142EUR2 7021059289905031225     LIBEVI EOSGIE
0510207    00142EUR2 7021059289905031225     MMOEUR2000000016056000000000000000
0510207    00142EUR2 7021059289905031225     NPYEOSGIE
0510207    00142EUR2 7021059289905031225     NBEFASEO
0510207    00142EUR2 7021059289905031225     IBE48151266300032
0510207    00142EUR2 7021059289905031225     LCCFASEO
0510207    00142EUR2 7021059289905031225     RCN09-2025-2349
0410207001200142EUR2E7021059289901031225  031225CHEQUE N 0002702                 0002702100000000000190}160ARC0025033793
0510207    00142EUR2 7021059289901031225     LIB160ARC002503379310852108  1600
0510207    00142EUR2 7021059289901031225     LIB0370000020042606202530003
0710207    00142EUR2 70210592899  031225                                                  0000000232754D
0110207    00192EUR2 22217124045  021225PREVENTECH                       COMPTE COURANT   0000000022022B
0410207093600192EUR2E2221712404506031225  021225VIR INST PRO                     WFNP852100000000019442Q
0510207    00192EUR2 2221712404506031225     LIBSOLDE TT COMPTE DAN NOVEMBRE 202
0510207    00192EUR2 2221712404506031225     LIBSOLDE TT COMPTE DAN NOVEMBRE 202
0510207    00192EUR2 2221712404506031225     LIBVIR INST DAN SEU
0410207059300192EUR2E2221712404505031225  031225VIR INST                         WFO3NY3000000000010000{R           D
0510207    00192EUR2 2221712404505031225     LIBRESERVATION DUCATO PLATEAU
0510207    00192EUR2 2221712404505031225     LIBRESERVATION DUCATO PLATEAU
0510207    00192EUR2 2221712404505031225     LIBVIR INST MONSIEUR FELTRI
0410207021400192EUR2E2221712404511031225  031225FACTURE CB                       FIHVYMS100000000000450JESSO31731ROCBO F
0510207    00192EUR2 2221712404511031225     LIBESSO31731ROCBO FR ASSEVI031731
0510207    00192EUR2 2221712404511031225     LIB45 01EUR 1 EURO   1 000000
0510207    00192EUR2 2221712404511031225     LIB021225 CB****8606
0710207    00192EUR2 22217124045  031225                                                  0000000012129C
0110107    00215EUR2 00816052467  021225SOCIETE CIVILE DU VAL DE LOIRE                    0000000238631I
0410107003800215EUR2E0081605246711031225  031225TRANSACTION CARTE    038    000  53371820 0000000000888}
0510107    00215EUR2 0081605246711031225     LIBRATP            LE 02/12/25  CB.XXXXX1317
0510107    00215EUR2 0081605246711031225     LIBORIGINE   FRANCE            MONTANT   88 80 EUR
0410107003800215EUR2E0081605246711031225  031225TRANSACTION CARTE    038    000  00216810 0000000000212M
0510107    00215EUR2 0081605246711031225     LIBSPOTIFYFR       LE 02/12/25  CB.XXXXX1317
0510107    00215EUR2 0081605246711031225     LIBORIGINE   SUEDE             MONTANT   21 24 EUR
0410107036500215EUR2E0081605246791031225  031225VIREMENT AUTOMATIQUE 365    000  30364800 0000000030000}
0510107    00215EUR2 0081605246791031225     LIBDONATI                   ECH 031225
0510107    00215EUR2 0081605246791031225     LIBSALAIRE 25
0710107    00215EUR2 00816052467  031225                                                  0000000207531E
0110207    00152EUR2 22217984733  021225SARL DERICE                      COMPTE COURANT   0000000160178E
0410207052200152EUR2E2221798473306031225  031225EVI PERMANENT                    1829564100000000018000}V           SARL
0510207    00152EUR2 2221798473306031225     LIBVIREMENT DE SARLUNIP UN JOUR FLE
0510207    00152EUR2 2221798473306031225     LIBVIREMENT DE SARLUNIP UN JOUR FLE
0510207    00152EUR2 2221798473306031225     LIBEVI PATRY WANDA LCL COUR
0410207050500152EUR2E2221798473305031225  031225EUROVIREMENT                     FGFFBKL000000000000630IVIR COM TR DU 01
0510207    00152EUR2 2221798473305031225     LIBVIR COM TR DU 01/11 AU 30/11
0510207    00152EUR2 2221798473305031225     LIBEVI L AGITATEUR FLORAL
0510207    00152EUR2 2221798473305031225     MMOEUR2000000000063090000000000000
0510207    00152EUR2 2221798473305031225     NPYL AGITATEUR FLORAL
0510207    00152EUR2 2221798473305031225     NBEUN JOUR FLEURI
0510207    00152EUR2 2221798473305031225     LCCVIR COM TR DU 01/11 AU 30/11
0510207    00152EUR2 2221798473305031225     RCNVIR/2025-12-02T16 22 38/1/366
0410207050500152EUR2E2221798473305031225  031225EUROVIREMENT                     FGFFBAZ000000000002405DVIR COM EX DU 16
0510207    00152EUR2 2221798473305031225     LIBVIR COM EX DU 16/11 AU 30/11
0510207    00152EUR2 2221798473305031225     LIBEVI L AGITATEUR FLORAL
0510207    00152EUR2 2221798473305031225     MMOEUR2000000000240540000000000000
0510207    00152EUR2 2221798473305031225     NPYL AGITATEUR FLORAL
0510207    00152EUR2 2221798473305031225     NBEUN JOUR FLEURI
0510207    00152EUR2 2221798473305031225     LCCVIR COM EX DU 16/11 AU 30/11
0510207    00152EUR2 2221798473305031225     RCNVIR/2025-12-02T16 19 28/1/437
0410207020600152EUR2E2221798473311031225  031225REMISE CB                        0116701000000000000995{BRUT      100 00
0510207    00152EUR2 2221798473311031225     LIBBRUT      100 00E - COM    0 50E
0510207    00152EUR2 2221798473311031225     LIB                - NB0001/385701
0510207    00152EUR2 2221798473311031225     LIBREMISE CB 1300934012
0410207020600152EUR2E2221798473311031225  031225REMISE CB                        0715319000000000001754EBRUT      176 20
0510207    00152EUR2 2221798473311031225     LIBBRUT      176 20E - COM    0 75E
0510207    00152EUR2 2221798473311031225     LIB                - NB0006/104319
0510207    00152EUR2 2221798473311031225     LIBREMISE CB 5453875013
0710207    00152EUR2 22217984733  031225                                                  0000000147964C
0110207    00004EUR2 22211642215  021225SCI DE LA RUE DEZITTER           COMPTE COURANT   0000000000000{
0710207    00004EUR2 22211642215  031225                                                  0000000000000{
0110207    00311EUR2 20219207490  021225NORTRADE INTERNATIONAL           COMPTE COURANT EN0000000049603B
0710207    00311EUR2 20219207490  031225                                                  0000000049603B
0118707    00082EUR2 32121425058  021225SAVANE & MOUSSON STREET FOOD     COMPTE COURANT   0000000018076P
0418707052300082EUR2E3212142505806031225  031225SEPA INTERNET                    4092711100000000010000}V           E  -
0518707    00082EUR2 3212142505806031225     LIBVIREMENT DE EI - FLANQUART FREDE
0518707    00082EUR2 3212142505806031225     LIBACOMPTE SALAIRE NOVEMBRE 2025
0518707    00082EUR2 3212142505806031225     LIBVIR NATHAN MOUSSIER
0718707    00082EUR2 32121425058  031225                                                  0000000028076P
0110207    00060EUR2 24213303820  021225SOCIETE CIVILE IMMOBILIERE IREM  COMPTE COURANT   0000000922280A
0710207    00060EUR2 24213303820  031225                                                  0000000922280A
0110207    00060EUR2 24214417775  021225SCI DC                           COMPTE COURANT   0000000224549H
0710207    00060EUR2 24214417775  031225                                                  0000000224549H
0110207    00130EUR2 21213543636  021225BEAUCE TOURAINE                                   0000000020689I
0410207020600130EUR2E2121354363611031225  031225REMISE CB                        0974030000000000004948ABRUT      497 30
0510207    00130EUR2 2121354363611031225     LIBBRUT      497 30E - COM    2 49E
0510207    00130EUR2 2121354363611031225     LIB                - NB0032/166030
0510207    00130EUR2 2121354363611031225     LIBREMISE CB 5030009011
0410207020600130EUR2E2121354363611031225  031225REMISE CB                        0400757000000000002224EBRUT      224 00
0510207    00130EUR2 2121354363611031225     LIBBRUT      224 00E - COM    1 55E
0510207    00130EUR2 2121354363611031225     LIB                - NB0004/165757
0510207    00130EUR2 2121354363611031225     LIBREMISE CB 5835268015
0710207    00130EUR2 21213543636  031225                                                  0000000027862E
0110207    00159EUR2 22218906510  021225AP LESAGE                        COMPTE COURANT   0000000181218F
0710207    00159EUR2 22218906510  031225                                                  0000000181218F
0110207    00159EUR2 21212959940  021225SCI DE L'ALISIER                 COMPTE COURANT   0000000370341H
0410207050500159EUR2E2121295994005031225  031225EUROVIREMENT                     FI2WOHN000000000006500{M.       CODOMIE
0510207    00159EUR2 2121295994005031225     LIBM.       CODOMIER PIERRICK
0510207    00159EUR2 2121295994005031225     LIBEVI M.       CODOMIER PI
0510207    00159EUR2 2121295994005031225     MMOEUR2000000000650000000000000000
0510207    00159EUR2 2121295994005031225     NPYM.       CODOMIER PIERRICK
0510207    00159EUR2 2121295994005031225     NBESCI PLANETE PARKING TRE
0510207    00159EUR2 2121295994005031225     LCCM.       CODOMIER PIERRICK
0510207    00159EUR2 2121295994005031225     RCNLOYER RUE DE TREVISE
0410207050500159EUR2E2121295994005031225  031225EUROVIREMENT                     FI2X195000000000006500{L     L    R
0510207    00159EUR2 2121295994005031225     LIBLOYER LOLA RABEAU
0510207    00159EUR2 2121295994005031225     LIBEVI RABEAU LOLA HUGU
0510207    00159EUR2 2121295994005031225     MMOEUR2000000000650000000000000000
0510207    00159EUR2 2121295994005031225     NPYRABEAU LOLA HUGU
0510207    00159EUR2 2121295994005031225     NBESCI PLANETE PARKING
0510207    00159EUR2 2121295994005031225     LCCLOYER LOLA RABEAU
0510207    00159EUR2 2121295994005031225     RCNZZ1JI9SQFIED5UFFP
0710207    00159EUR2 21212959940  031225                                                  0000000383341H
0110207    00154EUR2 22217342469  021225EL MANAR 2                       COMPTE COURANT   0000005652438B
0410207028600154EUR2E2221734246991031225  021225DEBLOCAGE PRET                   8900665000000000011903D
0410207050500154EUR2E2221734246905031225  031225EUROVIREMENT                     FGFF99H000000000014400{S
0510207    00154EUR2 2221734246905031225     LIBSAISIE DES VIREMENTS
0510207    00154EUR2 2221734246905031225     LIBEVI VIDELIO-EVENTS
0510207    00154EUR2 2221734246905031225     MMOEUR2000000001440000000000000000
0510207    00154EUR2 2221734246905031225     NPYVIDELIO-EVENTS
0510207    00154EUR2 2221734246905031225     NBENEXXT FRANCE
0510207    00154EUR2 2221734246905031225     LCCSAISIE DES VIREMENTS
0510207    00154EUR2 2221734246905031225     RCNSAISIE DES VIREMENTS
0710207    00154EUR2 22217342469  031225                                                  0000005678741F
0110207    00151EUR2 21216225274  021225EGV HOLDING                      COMPTE COURANT   0000000146051A
0710207    00151EUR2 21216225274  031225                                                  0000000146051A
0130258RLV 10000EUR2 08000268111  021225EI AIGU MELANIE                  COMPTE COURANT   0000000707593H        MT940
0430258RLV 10000EUR2E0800026811105031225  031225VIR SEPA SYNDICAT PARSIFAL 8232  62317101 0000000027678I
0530258    10000EUR2 0800026811105031225     LIBRESIDENCE PARSIFAL FA2025 4072
0530258    10000EUR2 0800026811105031225     NPYSYNDICAT PARSIFAL 8232
0530258    10000EUR2 0800026811105031225     NBEDECOFOR
0530258    10000EUR2 0800026811105031225     LCCRESIDENCE PARSIFAL FA2025 4072
0530258    10000EUR2 0800026811105031225     RCNE2E 692E1213BA0192055011BEBE
0730258RLV 10000EUR2 08000268111  031225                                                  0000000735272G
0110107    00284EUR2 00117067725  021225STOORM                           CCE STOORM       0000000008490H
0710107    00284EUR2 00117067725  031225                                                  0000000008490H
0110207    00152EUR2 27210183398  021225POLY                             COMPTE COURANT   0000000737660F
0710207    00152EUR2 27210183398  031225                                                  0000000737660F
0118707    00040EUR2 31721400998  021225LUCAS OPTIK                      COMPTE MUTUELLE  0000000160435{
0418707052300040EUR2E3172140099806031225  031225SEPA INTERNET                    4098726100000000023400}V           SARL
0518707    00040EUR2 3172140099806031225     LIBVIREMENT DE SARL AUTOUR DU PARFU
0518707    00040EUR2 3172140099806031225     LIBVIREMENT DE SARL AUTOUR DU PARFU
0518707    00040EUR2 3172140099806031225     LIBVIR LES NOUVELLES ESTHET
0418707050500040EUR2E3172140099805031225  031225VIREMENT SEPA                    FGFEA5Q100000000004678HV   MDFRAGRANCES
0518707    00040EUR2 3172140099805031225     LIBVIR MDFRAGRANCES
0518707    00040EUR2 3172140099805031225     LIBVIREMENT MD FRAGRANCES
0518707    00040EUR2 3172140099805031225     MMOEUR2000000000467880000000000000
0518707    00040EUR2 3172140099805031225     NPYMD FRAGRANCES
0518707    00040EUR2 3172140099805031225     NBEAUTOUR DU PARFUM-ATELIER LEBLANC SARL
0518707    00040EUR2 3172140099805031225     LCCVIR MDFRAGRANCES
0518707    00040EUR2 3172140099805031225     RCND2025-1690
0418707001200040EUR2E3172140099801031225  031225CHEQUE N 0000047                 0000047100000000000089}2682103154025120
0518707    00040EUR2 3172140099801031225     LIB268210315402512031609659  1600
0518707    00040EUR2 3172140099801031225     LIBC879604507800078000230001
0418707001200040EUR2E3172140099801031225  031225CHEQUE N 0000048                 0000048100000000003029}8870300042512038
0518707    00040EUR2 3172140099801031225     LIB887030004251203880235650  1600
0518707    00040EUR2 3172140099801031225     LIB3000408870430982102130004
0718707    00040EUR2 31721400998  031225                                                  0000000138595H
0110207    00197EUR2 23213287879  021225LK DEVELOPPEMENT                 COMPTE COURANT   0000000307313E
0410207050500197EUR2E2321328787905031225  031225EUROVIREMENT                     FGFDR5Q000000000001992{J    1783
0510207    00197EUR2 2321328787905031225     LIBJADE 1783
0510207    00197EUR2 2321328787905031225     LIBEVI LNAJB PATRIMOINE
0510207    00197EUR2 2321328787905031225     MMOEUR2000000000199200000000000000
0510207    00197EUR2 2321328787905031225     NPYLNAJB PATRIMOINE
0510207    00197EUR2 2321328787905031225     NBESAS JARDINAGE A DOMICILE EXPRESS
0510207    00197EUR2 2321328787905031225     LCCJADE 1783
0510207    00197EUR2 2321328787905031225     RCNZZ1JI7ITWZF96MTDK
0410207050500197EUR2E2321328787905031225  031225EUROVIREMENT                     FI2WKEA000000000002568{F       11-1791
0510207    00197EUR2 2321328787905031225     LIBFACTURE 11-1791
0510207    00197EUR2 2321328787905031225     LIBEVI MME NATHALIE GAUCHER
0510207    00197EUR2 2321328787905031225     MMOEUR2000000000256800000000000000
0510207    00197EUR2 2321328787905031225     NPYMME NATHALIE GAUCHER CHARTIER
0510207    00197EUR2 2321328787905031225     NBESAS JARDINAGE A DOMICILE EXPRESS
0510207    00197EUR2 2321328787905031225     LCCFACTURE 11-1791
0510207    00197EUR2 2321328787905031225     RCN032025336206214980000001
0410207021400197EUR2E2321328787911031225  031225FACTURE CB                       FIHVJMO100000000000171}RR DECHETTERIE F
0510207    00197EUR2 2321328787911031225     LIBRR DECHETTERIE FR 95000
0510207    00197EUR2 2321328787911031225     LIB17 10EUR 1 EURO   1 000000
0510207    00197EUR2 2321328787911031225     LIB021225 CB****0516
0410207059300197EUR2E2321328787905031225  031225VIR INST                         WFO6X6S000000000002052{VIREMENT DE MR V
0510207    00197EUR2 2321328787905031225     LIBVIREMENT DE MR VEY JEAN-MARC
0510207    00197EUR2 2321328787905031225     LIBVIREMENT DE MR VEY JEAN-MARC
0510207    00197EUR2 2321328787905031225     LIBVIR INST MR VEY JEAN-MAR
0710207    00197EUR2 23213287879  031225                                                  0000000313754E
0110207    00004EUR2 04004082912  021225SCI ACDB                         COMPTE COURANT   0000000000587L
0710207    00004EUR2 04004082912  031225                                                  0000000000587L
0118707    00128EUR2 31321661517  021225LK DEVELOPPEMENT                 COMPTE COURANT   0000000000000{
0718707    00128EUR2 31321661517  031225                                                  0000000000000{
0110207    00330EUR2 22218136276  021225MLE CLAIRE GUENERIN              COMPTE COURANT   0000000054864I
0710207    00330EUR2 22218136276  031225                                                  0000000054864I
0110107    00128EUR2 00413066506  021225SOCIETE CIVILE IMMOBILIERE IREM  COMPTE COURANT   0000000035795J
0410107056900128EUR2E0041306650605031225  031225VIREMENT SEPA RECU   569    000  2818951  0000000022128{
0510107    00128EUR2 0041306650605031225     NPYDGFIP SCBCM EDUCATION NATIONALE
0510107    00128EUR2 0041306650605031225     LCCVOS REF  FA2025-087       NOS REF  FA EJ  1513423560 DP  2025 ADCE 010
0510107    00128EUR2 0041306650605031225     LC20353065 9460
0510107    00128EUR2 0041306650605031225     RCN159460000FA2025-087      4000706804
0510107    00128EUR2 0041306650605031225     LIBBDFEFRPP
0710107    00128EUR2 00413066506  031225                                                  0000000013667J
0110107    00228EUR2 00112062804  021225EI AIGU MELANIE                  COMPTE COURANT   0000000628251F
0410107056900228EUR2E0011206280405031225  031225VIREMENT SEPA RECU   569    000  2819798  0000000190013C
0510107    00228EUR2 0011206280405031225     NPYSOLUTIONS
0510107    00228EUR2 0011206280405031225     RCN2025.10.2178
0510107    00228EUR2 0011206280405031225     LIBBREDFRPPXXX
0410107039300228EUR2E0011206280462021225  011225ABNT COM BANCAIRE    393    000   0227330 0000000000480}
0510107    00228EUR2 0011206280462021225     LIB(DONT HORS TAXE E.40 00  TVA TAUX 20 00   E.8 00)
0710107    00228EUR2 00112062804  031225                                                  0000000817784I
0110207    00020EUR2 21213940954  021225EI EMILIE DE SOUSA               COMPTE COURANT   0000000011797B
0410207053700020EUR2E2121394095408031225  031225EUROPRELEVEMENT                  09ZCHY8100000000002562NSAB26/00149978
0510207    00020EUR2 2121394095408031225     LIBSAB26/00149978
0510207    00020EUR2 2121394095408031225     LIBTFM6032103001
0510207    00020EUR2 2121394095408031225     LIBPRLV SEPA KINTO FRANCE-K
0410207053700020EUR2E2121394095408031225  031225EUROPRELEVEMENT                  09ZB0ZT100000000009000}BK4
0510207    00020EUR2 2121394095408031225     LIBBK4
0510207    00020EUR2 2121394095408031225     LIBBISTROBIZ360-7DZYD
0510207    00020EUR2 2121394095408031225     LIBPRLV SEPA GOCARDLESS
0710207    00020EUR2 21213940954  031225                                                  0000000000234G
0110107    00118EUR2 00324046259  021225BOUCHERIE EL MANAR               COMPTE COURANT   0000000150091H
0710107    00118EUR2 00324046259  031225                                                  0000000150091H
0110207    00027EUR2 04027030455  021225JOBDOCTOR                     JOBDOCTOR SAS       0000000506878E
0710207    00027EUR2 04027030455  031225                                                  0000000506878E
0118707    00033EUR2 03321029286  021225NORTRADE INTERNATIONAL           COMPTE COURANT EN0000000140247I
0418707050500033EUR2E0332102928605031225  031225VIREMENT SEPA                    FI2WJ0E100000000023980{B      E   C
0518707    00033EUR2 0332102928605031225     LIBBALLON EAU CHAUDE 300L
0518707    00033EUR2 0332102928605031225     LIBVIREMENT M. OU MME JEAN-
0518707    00033EUR2 0332102928605031225     MMOEUR2000000002398000000000000000
0518707    00033EUR2 0332102928605031225     NPYM. OU MME JEAN-PAUL MOLETTE
0518707    00033EUR2 0332102928605031225     NBERUGEL
0518707    00033EUR2 0332102928605031225     LCCBALLON EAU CHAUDE 300L
0518707    00033EUR2 0332102928605031225     RCNFACT   FA2025/701 CLIENT PART 2390
0418707053700033EUR2E0332102928608031225  031225PRLV SEPA                        0GF991N100000000002456}F-001200304
0518707    00033EUR2 0332102928608031225     LIBF-001200304
0518707    00033EUR2 0332102928608031225     LIBUP-FR-0001380500001
0518707    00033EUR2 0332102928608031225     LIBPRLV SEPA UP GROUP
0418707053700033EUR2E0332102928608031225  031225PRLV SEPA                        0GFJWJ7100000000005278NSAB26/00150776
0518707    00033EUR2 0332102928608031225     LIBSAB26/00150776
0518707    00033EUR2 0332102928608031225     LIBTFM6189963001
0518707    00033EUR2 0332102928608031225     LIBPRLV SEPA KINTO FRANCE-K
0418707001200033EUR2E0332102928601031225  031225CHEQUE N 0744993                 0744993100000000000350}6682104150025120
0518707    00033EUR2 0332102928601031225     LIB668210415002512031704969  1600
0518707    00033EUR2 0332102928601031225     LIB0000000000000000000230001
0418707059300033EUR2E0332102928605031225  031225VIR INST                         WM48J3J100000000001804{FA2025/600 PART4
0518707    00033EUR2 0332102928605031225     LIBFA2025/600 PART4789
0518707    00033EUR2 0332102928605031225     LIBFA2025/600 PART4789
0518707    00033EUR2 0332102928605031225     LIBVIR INST MADAME THIERION
0718707    00033EUR2 03321029286  031225                                                  0000000157947D