0130047    14681EUR2 00020261072  011225THEMA PLUS SARL               THEMA PLUS SARL     0000000000320P021225021225
0430047038114681EUR2 0002026107228011225  011225PAIEMENT CB  2711 PAYLI2090401/  2090401000000000000511}
0530047    14681EUR2 0002026107228011225     LIBAMAZON EU SARL   CARTE 0278
0430047038114681EUR2 0002026107228011225  011225PAIEMENT CB  2811 PAYLI2090401/  2090401000000000000040Q
0530047    14681EUR2 0002026107228011225     LIBAMAZON EU SARL   CARTE 0278
0430047039014681EUR2 0002026107230021225  041225REMCB00796 NB0069 TPE748773801   0800796 00000000006190B
0430047039714681EUR2 0002026107262021225  041225COMCB00796 NB0069 TPE748773801   0800796100000000000071N
0430047024014681EUR2 0002026107201021225  011225CHEQUE 8582111                   8582111000000000024087N
0430047916214681EUR2 00020261072B1021225  021225PRLV SEPA SWILE                  0000000000000000000006O
0530047    14681EUR2 00020261072B1021225     LIBSWILE TRANSFER-250508-8157293
0530047    14681EUR2 00020261072B1021225     RIBFR7630004024780001161339713          BNPAFRPPXXX
0530047    14681EUR2 00020261072B1021225     NOMSWILE                              MR HURAND THIERRY
0530047    14681EUR2 00020261072B1021225     NBESWILE
0530047    14681EUR2 00020261072B1021225     IBEFR74ZZZ838795
0530047    14681EUR2 00020261072B1021225     NPYMR HURAND THIERRY
0530047    14681EUR2 00020261072B1021225     LCCSWILE TRANSFER-250508-8157293
0530047    14681EUR2 00020261072B1021225     RCN638A9120304F4C798582BBA53A79857E
0530047    14681EUR2 00020261072B1021225     REF638A9120304F4C798582BBA53A79857E
0530047    14681EUR2 00020261072B1021225     RUMSWILE-49782174400024-221125
0530047    14681EUR2 00020261072B1021225     CPYFR7630047146810002026270136
0730047    14681EUR2 00020261072  021225                                                  0000000018847R
0130087    33866EUR2 00020611063  011225JLK INVEST                       COMPTE COURANT   0000000094634D021225021225
0430087900233866EUR2 0002061106306021225  021225VIR VIREMENT A FITECO            0000000000000000000472Q
0430087931033866EUR2 0002061106344011225  301125VIR VIREMENT INTERPORT           0000000000000000003653J
0530087    33866EUR2 0002061106344011225     LIBC24D25335L00697
0530087    33866EUR2 0002061106344011225     RIBFR7630087338660002061360133
0530087    33866EUR2 0002061106344011225     NOMINTERPORT SHIPPING LOGISTICS       INTERFREIGHT FRANCE
0530087    33866EUR2 0002061106344011225     MMOAED200000000153700
0530087    33866EUR2 0002061106344011225     NBEINTERFREIGHT FRANCE
0530087    33866EUR2 0002061106344011225     IBE9 CHEMIN REBOURS                   77250 VILLECERF
0530087    33866EUR2 0002061106344011225     NPYINTERPORT SHIPPING LOGISTICS
0530087    33866EUR2 0002061106344011225     LCCVIR DE INTERFREIGHT FRANCE
0430087907833866EUR2 00020611063C2021225  021225VIR INST S.A.R.L. INTERFREIGHT   0000000 00000000100000{
0530087    33866EUR2 00020611063C2021225     LIBVIREMENT COMPTE CIC
0530087    33866EUR2 00020611063C2021225     NOMS.A.R.L. INTERFREIGHT FRANCE       INTERFREIGHT FRANCE
0530087    33866EUR2 00020611063C2021225     NBEINTERFREIGHT FRANCE
0530087    33866EUR2 00020611063C2021225     NPYS.A.R.L. INTERFREIGHT FRANCE
0530087    33866EUR2 00020611063C2021225     LCCVIREMENT COMPTE CIC
0530087    33866EUR2 00020611063C2021225     RCNNOTPROVIDED
0730087    33866EUR2 00020611063  021225                                                  0000000190508E
0130087    33863EUR2 00020491021  011225TECHNIQUES ET NORMES DE COUVERT  COMPTE COURANT   0000000542655A021225021225
0430087916233863EUR2 00020491021B1021225  021225PRLV SEPA PAIEMENTS EN LIGNE PL  0000000000000000000015}
0530087    33863EUR2 00020491021B1021225     LIBPAIEMENTS EN LIGNE PLANITY
0530087    33863EUR2 00020491021B1021225     RIBIE30CITI99005132956548               STTOIE22
0530087    33863EUR2 00020491021B1021225     NOMPAIEMENTS EN LIGNE PLANITY         LINTEMPOREL COIFFURE N A BEAUTE CHA
0530087    33863EUR2 00020491021B1021225     NBEPAIEMENTS EN LIGNE PLANITY
0530087    33863EUR2 00020491021B1021225     IBEDE16ZZZ00001941136
0530087    33863EUR2 00020491021B1021225     NPYLINTEMPOREL COIFFURE N A BEAUTE CHAMPAGNE SUR SEINE
0530087    33863EUR2 00020491021B1021225     LCCPAIEMENTS EN LIGNE PLANITY
0530087    33863EUR2 00020491021B1021225     RCNSTR14NATVCT6UZ9GZ9X7XRANUXCYWPV0NG
0530087    33863EUR2 00020491021B1021225     REFCITISEPA011225002730610021950
0530087    33863EUR2 00020491021B1021225     RUMBA1SKXXGPKJHIFHRRJQNQSTFBN
0530087    33863EUR2 00020491021B1021225     CPYFR7630087338630002049120136
0430087916233863EUR2 00020491021B1021225  021225PRLV SEPA EPS                    0000000000000000000514Q
0530087    33863EUR2 00020491021B1021225     LIBEPS  REF. 1658369 FACTURE  ECHE
0530087    33863EUR2 00020491021B1021225     LIB 122025 NO S93556801
0530087    33863EUR2 00020491021B1021225     RIBFR7630087330800006836900173          CMCIFRPPXXX
0530087    33863EUR2 00020491021B1021225     NOMEPS                                L INTEMPOREL CHAUSSARD EMILIE
0530087    33863EUR2 00020491021B1021225     NBEEPS
0530087    33863EUR2 00020491021B1021225     IBEFR13ZZZ262161
0530087    33863EUR2 00020491021B1021225     NPYL INTEMPOREL CHAUSSARD EMILIE
0530087    33863EUR2 00020491021B1021225     LCCEPS  REF. 1658369 FACTURE  ECHEANCE 122025 NO S93556801
0530087    33863EUR2 00020491021B1021225     RCN01959-000037090
0530087    33863EUR2 00020491021B1021225     REF01959-000037090
0530087    33863EUR2 00020491021B1021225     RUMS0001658369-S-001
0530087    33863EUR2 00020491021B1021225     CPYFR7630087338630002049120136
0430087916233863EUR2 00020491021B1021225  021225PRLV SEPA PLANITY                0000000000000000001104}
0530087    33863EUR2 00020491021B1021225     LIBREF-D274583AB29255CB50
0530087    33863EUR2 00020491021B1021225     RIBFR7617118820080000003522472          GOAAFRP1
0530087    33863EUR2 00020491021B1021225     NOMPLANITY                            LINTEMPOREL
0530087    33863EUR2 00020491021B1021225     NBEPLANITY
0530087    33863EUR2 00020491021B1021225     IBEFR31ZZZ89C0BE
0530087    33863EUR2 00020491021B1021225     NPYLINTEMPOREL
0530087    33863EUR2 00020491021B1021225     LCCREF-D274583AB29255CB50
0530087    33863EUR2 00020491021B1021225     RCND-004DR9MP32H7
0530087    33863EUR2 00020491021B1021225     REFEUSEPADR-004DR9MP32H7
0530087    33863EUR2 00020491021B1021225     RUMN4TP95Z
0530087    33863EUR2 00020491021B1021225     CPYFR7630087338630002049120136
0430087038133863EUR2 0002049102128011225  011225PAIEMENT CB  2811 SAMOREAU       0000000000000000001707J
0530087    33863EUR2 0002049102128011225     LIBBUREAU VALLEE    CARTE 3068
0430087038133863EUR2 0002049102128011225  011225PAIEMENT CB  2711 PAYLI2441535/  2441535000000000000728N
0530087    33863EUR2 0002049102128011225     LIBAMAZON PAYMENTS  CARTE 3068
0430087038133863EUR2 0002049102128021225  021225PAIEMENT CB  0112 CHAMPAGNE SUR  0000000000000000000500M
0530087    33863EUR2 0002049102128021225     LIBCARREFOUR        CARTE 3068
0730087    33863EUR2 00020491021  021225                                                  0000000538085C
0130087    33863EUR2 00020491015  011225PROLIFIK RECORDS              PROLIFIK RECORDS    0000000043987G021225021225
0730087    33863EUR2 00020491015  021225                                                  0000000043987G