0130004    00777EUR2 00000192376  021225SCI FABRICE                      COMPTE COURANT   0000000039674B
0730004    00777EUR2 00000192376  031225                                                  0000000039674B
0130004    00969EUR2 00010119059  021225STOORM                           CCE STOORM       0000000894498H
0430004009900969EUR2 0001011905930021225  0312250212 N.97340 DE 75PARIS 05       197340   0000000000309I   N.COM.4118705
0530004    00969EUR2 0001011905930021225     LIB0212 N.97340 DE 75PARIS 05 N.COM.4118705012
0430004009900969EUR2 0001011905930021225  0312250212 N.08886 DE 75PARIS 5        108886   0000000003185{   N.COM.4512923
0530004    00969EUR2 0001011905930021225     LIB0212 N.08886 DE 75PARIS 5 N.COM.4512923011
0430004009900969EUR2 0001011905930021225  0312250212 N.07774 DE 75PARIS 5        107774   0000000016795E   N.COM.4669517
0530004    00969EUR2 0001011905930021225     LIB0212 N.07774 DE 75PARIS 5 N.COM.4669517011
0430004000100969EUR2 0001011905901031225  021225CHEQUE N.9779644                 97796440 0000000028178K
0430004056800969EUR2 0001011905918031225  031225/REFBEN /ORIG LPJ12 EURL /MOTIF  0000000  0000000001397{
0530004    00969EUR2 0001011905918031225     NPYLPJ12 EURL
0530004    00969EUR2 0001011905918031225     LCCFACTURE 164 NOVEMBRE 2025
0530004    00969EUR2 0001011905918031225     RCNZZ1JIFPCNO9RJPIB1
0530004    00969EUR2 0001011905918031225     PDOFR FRANCE
0430004009900969EUR2 0001011905930031225  0312250312 N.51223 DE 75PARIS 05       151223   0000000005800H   N.COM.4118705
0530004    00969EUR2 0001011905930031225     LIB0312 N.51223 DE 75PARIS 05 N.COM.4118705012
0430004056800969EUR2 0001011905918031225  031225/REFBEN /ORIG SPH FONTANES /MOT  0000000  0000000006085H
0530004    00969EUR2 0001011905918031225     NPYSPH FONTANES
0530004    00969EUR2 0001011905918031225     LCCPERRAUDIN NOVEMBRE 2025
0530004    00969EUR2 0001011905918031225     RCNZZ1JIH4B7P7IMWN5O
0530004    00969EUR2 0001011905918031225     PDOFR FRANCE
0430004081300969EUR2 00010119059B1031225  031225PRLV SEPA/NATIOCREDIMURS                0 0000000012802OFR73ZZZ210447
0530004    00969EUR2 00010119059B1031225     NBENATIOCREDIMURS
0530004    00969EUR2 00010119059B1031225     IBEFR73ZZZ210447
0530004    00969EUR2 00010119059B1031225     NPOAMP
0530004    00969EUR2 00010119059B1031225     IPO11956374
0530004    00969EUR2 00010119059B1031225     NBUNATIOCREDIMURS
0530004    00969EUR2 00010119059B1031225     IBU00000018
0530004    00969EUR2 00010119059B1031225     LCCNATIOCREDIMURS /A1N93263/.1A1N93263001031225EPG67Y99575 /SIEN180012386
0530004    00969EUR2 00010119059B1031225     LC25 /FLGPX337248
0530004    00969EUR2 00010119059B1031225     RCN.1A1N93263001031225EPG67Y99575
0530004    00969EUR2 00010119059B1031225     RUMSIEN1800123865                     RCUR
0730004    00969EUR2 00010119059  031225                                                  0000000887092{
0130003    01553EUR2 00020046274  021225SNC LEITE 95                     SNC LEITE 95     0000000019977H
0730003    01553EUR2 00020046274  031225                                                  0000000019977H
0130004    00079EUR2 00010428299  021225AGENCE LOCALE D               ALEC SUD PARISIENNE 0000000532994C
0430004001200079EUR2 0001042829962031225  031225SUR REMISE C.B. DU 0312 N.36551  00000001 0000000000001L N.COM.428761101
0530004    00079EUR2 0001042829962031225     LIB1
0430004001200079EUR2 0001042829962031225  031225SUR REMISE C.B. DU 0312 N.31673  00000001 0000000000052Q N.COM.428761101
0530004    00079EUR2 0001042829962031225     LIB1
0430004009900079EUR2 0001042829930031225  0312250312 N.36551 DE 77FONTAINEBLEAU  136551   0000000000305E   N.COM.4287611
0530004    00079EUR2 0001042829930031225     LIB N.COM.4287611011
0430004081300079EUR2 00010428299B1031225  031225PRLV SEPA/GOURMET DISTRI                0 0000000005865JFR89ZZZ86D7C4
0530004    00079EUR2 00010428299B1031225     NBEGOURMET DISTRI
0530004    00079EUR2 00010428299B1031225     IBEFR89ZZZ86D7C4
0530004    00079EUR2 00010428299B1031225     LCCGOURMET DISTRI F25.2247
0530004    00079EUR2 00010428299B1031225     RCNPRELEVEMENT GOURMET DISTRI
0530004    00079EUR2 00010428299B1031225     RUMKI20230914121709303894             RCUR
0430004009900079EUR2 0001042829930031225  0312250312 N.31673 DE 77FONTAINEBLEAU  231673   0000000011547A   N.COM.4287611
0530004    00079EUR2 0001042829930031225     LIB N.COM.4287611011
0730004    00079EUR2 00010428299  031225                                                  0000000538927G
0130003    01553EUR2 00020063825  021225SULINSKI DELPHINE                COMPTE COURANT   0000000298625F
0730003    01553EUR2 00020063825  031225                                                  0000000298625F
0130004    00777EUR2 00010017648  021225NEXTTICK                         COMPTE COURANT   0000000127573D
0730004    00777EUR2 00010017648  031225                                                  0000000127573D
0130002    01140EUR2 0000072L002  021225DSCM                             COMPTE COURANT   0000000005182D
0430002100201140EUR2E0000072L0020403122500031225DEPOT H 3 1 2025                 0000000000000000017900{0000000000072300
0430002130201140EUR2E0000072L002C203122500031225BOULANGERIE                      0000000000000000003400{2512032025120309
0530002    01140EUR2 0000072L002C2031225     NPYAU BON PICCOLO
0530002    01140EUR2 0000072L002C2031225     LCCBOULANGERIE
0530002    01140EUR2 0000072L002C2031225     IPYSOGEFRPPXXX
0530002    01140EUR2 0000072L002C2031225     RCNFACTURE OCTOBRE                    CASH
0430002111201140EUR2E0000072L0021803122500031225NIT-TRD-0364886-01122025-01      0000000000000000000037F2015266200000000
0530002    01140EUR2 0000072L00218031225     NPYREGLEMENT AFFILIES BIMPLI TR
0530002    01140EUR2 0000072L00218031225     LCCNIT-TRD-0364886-01122025-01
0530002    01140EUR2 0000072L00218031225     RCN01/12/2025 NIT RBTMONETIQUE - 3149
0430002907501140EUR2E0000072L0029103122500031225BLOCAGE SUR PCE253146030 ZA      0000000000000000026520}0072925314603000
0430002606301140EUR2E0000072L0026203122500031225FRAIS SAISIE ATTRIBUTION         0000000100000000001300}0072925314603001
0530002    01140EUR2 0000072L00262031225     LIBPCE 253146030 ZA               99
0730002    01140EUR2 0000072L002  031225                                                  0000000001300}
0130003    01315EUR2 00020235828  021225PREVENTECH                       COMPTE COURANT   0000000387738H
0730003    01315EUR2 00020235828  031225                                                  0000000387738H
0130003    01553EUR2 00020052464  021225LA PAUSE DETENTE                 COMPTE COURANT   0000000070073E
0730003    01553EUR2 00020052464  031225                                                  0000000070073E