0110207    00136EUR2 70210172833  281125ARGIOS                           COMPTE COURANT   0000000000208P
0710207    00136EUR2 70210172833  011225                                                  0000000000208P
0110207    00192EUR2 22212720189  281125SAS C G  AUTOMOBILES             COMPTE COURANT   0000000052781B
0410207050500192EUR2E2221272018905011225  011225EUROVIREMENT                     FERVFY2000000000007465BPAIEMENT PROPRIE
0510207    00192EUR2 2221272018905011225     LIBPAIEMENT PROPRIETAIRES
0510207    00192EUR2 2221272018905011225     LIBEVI J1 SERGIC EAUBONNE G
0510207    00192EUR2 2221272018905011225     MMOEUR2000000000746520000000000000
0510207    00192EUR2 2221272018905011225     NPYJ1 SERGIC EAUBONNE GERAN
0510207    00192EUR2 2221272018905011225     NBEAFMR C/O FONTERS ALAIN
0510207    00192EUR2 2221272018905011225     LCCPAIEMENT PROPRIETAIRES
0510207    00192EUR2 2221272018905011225     RCNPAIEMENT PROPRIETAIRES
0710207    00192EUR2 22212720189  011225                                                  0000000060246D
0110207    00136EUR2 70211370047  281125DOCTEUR ANTOINE HUART            COMPTE COURANT   0000000013169F
0410207059300136EUR2E7021137004705011225  281125VIR INST                         WFMF7OK000000000009000{BIPT253320301657
0510207    00136EUR2 7021137004705011225     LIBBIPT253320301657298 C
0510207    00136EUR2 7021137004705011225     LIBAHYI AVLA LOYER NOV
0510207    00136EUR2 7021137004705011225     LIBVIR INST MME AVLA AHYI
0410207052300136EUR2E7021137004706011225  011225EVI OCCAS CYBER                  3455444100000000010000}V           S
0510207    00136EUR2 7021137004706011225     LIBVIREMENT DE SCI CLARA
0510207    00136EUR2 7021137004706011225     LIBVIREMENT DE SCI CLARA
0510207    00136EUR2 7021137004706011225     LIBEVI WASELI HENY
0410207053700136EUR2E7021137004708011225  011225EUROPRELEVEMENT                  09XINDL100000000000630}WASELI
0510207    00136EUR2 7021137004708011225     LIBWASELI               HENY
0510207    00136EUR2 7021137004708011225     LIBMM9760293578220001
0510207    00136EUR2 7021137004708011225     LIBPRLV SEPA EDF CLIENTS PA
0410207053700136EUR2E7021137004708011225  011225EUROPRELEVEMENT                  09XIMV7100000000000780}WASELI
0510207    00136EUR2 7021137004708011225     LIBWASELI               HENY
0510207    00136EUR2 7021137004708011225     LIBMM9760293578220001
0510207    00136EUR2 7021137004708011225     LIBPRLV SEPA EDF CLIENTS PA
0410207053700136EUR2E7021137004708011225  011225EUROPRELEVEMENT                  09XIKNS100000000001340}SCI
0510207    00136EUR2 7021137004708011225     LIBSCI                  CLARA
0510207    00136EUR2 7021137004708011225     LIBMM9760215185470001
0510207    00136EUR2 7021137004708011225     LIBPRLV SEPA EDF CLIENTS PA
0410207053700136EUR2E7021137004708011225  011225EUROPRELEVEMENT                  09XBF5O100000000001996OV
0510207    00136EUR2 7021137004708011225     LIBVOTRE ABONNEMENT MOBILE  06XXXXX
0510207    00136EUR2 7021137004708011225     LIBM0051962999
0510207    00136EUR2 7021137004708011225     LIBPRLV SEPA ORANGE SA
0710207    00136EUR2 70211370047  011225                                                  0000000007423{