0130004    00585EUR2 00010310949  281125DOCTEUR ANTOINE HUART            COMPTE COURANT   0000000445662E
0430004001200585EUR2 0001031094962281125  011225SUR REMISE C.B. DU 3011 N.52355  00000001 0000000000015N N.COM.417116601
0530004    00585EUR2 0001031094962281125     LIB5
0430004001200585EUR2 0001031094962281125  011225SUR REMISE C.B. DU 2911 N.84427  00000001 0000000000046P N.COM.417116601
0530004    00585EUR2 0001031094962281125     LIB5
0430004001200585EUR2 0001031094962281125  011225SUR REMISE C.B. DU 2911 N.51049  00000001 0000000000059P N.COM.417116501
0530004    00585EUR2 0001031094962281125     LIB1
0430004001200585EUR2 0001031094962281125  011225SUR REMISE C.B. DU 3011 N.28333  00000001 0000000000088Q N.COM.417116501
0530004    00585EUR2 0001031094962281125     LIB1
0430004009900585EUR2 0001031094930281125  0112253011 N.52355 DE 92ISSY-LES-MOUL  152355   0000000005201D   N.COM.4171166
0530004    00585EUR2 0001031094930281125     LIB N.COM.4171166015
0430004009900585EUR2 0001031094930281125  0112252911 N.84427 DE 92ISSY-LES-MOUL  184427   0000000010179D   N.COM.4171166
0530004    00585EUR2 0001031094930281125     LIB N.COM.4171166015
0430004009900585EUR2 0001031094930281125  0112252911 N.51049 DE 92ISSY-LES-MOUL  151049   0000000015781A   N.COM.4171165
0530004    00585EUR2 0001031094930281125     LIB N.COM.4171165011
0430004009900585EUR2 0001031094930281125  0112253011 N.28333 DE 92ISSY-LES-MOUL  128333   0000000030501B   N.COM.4171165
0530004    00585EUR2 0001031094930281125     LIB N.COM.4171165011
0730004    00585EUR2 00010310949  011225                                                  0000000507114I
0130004    00838EUR2 00000676036  281125ABC TELECOM                      COMPTE COURANT   0000000021867L
0430004055700838EUR2 0000067603618011225  011225/DE MME LOPES FERREIRA CRISTINA  0000000  0000000030000{ MARI /MOTIF VIR
0530004    00838EUR2 0000067603618011225     LIBEMENT /REF
0730004    00838EUR2 00000676036  011225                                                  0000000008132G
0130004    01457EUR2 00010158674  281125PHARMACIE DE L ALISIER           COMPTE COURANT   0000000019243I
0430004056801457EUR2 0001015867418011225  011225MR GAULTIER YANN                 0000000  0000000001200{
0530004    01457EUR2 0001015867418011225     NPYMR GAULTIER YANN
0530004    01457EUR2 0001015867418011225     LCCMR GAULTIER YANN
0530004    01457EUR2 0001015867418011225     RCNNOTPROVIDED
0530004    01457EUR2 0001015867418011225     PDOFR FRANCE
0730004    01457EUR2 00010158674  011225                                                  0000000020443I
0130004    00348EUR2 00010181358  281125MADEMOISELLE LAURENCE CLAUDINE   COMPTE COURANT   0000000169077H
0430004008500348EUR2 0001018135807011225  301125REG 0112 RELEVE 09916342         00000000 0000000039466}
0430004056800348EUR2 0001018135818011225  011225EAUBONNE 0767 MONTIGNY           0000000  0000000001738{P.FAC. HONORAIRE
0530004    00348EUR2 0001018135818011225     NPYEAUBONNE 0767 MONTIGNY
0530004    00348EUR2 0001018135818011225     LCCP.FAC. HONORAIRES GESTION
0530004    00348EUR2 0001018135818011225     RCNP.FAC. HONORAIRES GESTION
0530004    00348EUR2 0001018135818011225     PDOFR FRANCE
0430004081300348EUR2 00010181358B1011225  011225PRLV SEPA/BNPP ERE                      0 0000000002000}FR94ERE001228
0530004    00348EUR2 00010181358B1011225     NBEBNPP ERE
0530004    00348EUR2 00010181358B1011225     IBEFR94ERE001228
0530004    00348EUR2 00010181358B1011225     LCCPREL ABONDEMENT 1-3QHMR70
0530004    00348EUR2 00010181358B1011225     RCNR-119233970
0530004    00348EUR2 00010181358B1011225     RUMMD003OES01068145                   RCUR
0430004056800348EUR2 0001018135818011225  011225EAUBONNE 0321 MARGENCY           0000000  0000000002535EP.FAC. HONORAIRE
0530004    00348EUR2 0001018135818011225     NPYEAUBONNE 0321 MARGENCY
0530004    00348EUR2 0001018135818011225     LCCP.FAC. HONORAIRES GESTION
0530004    00348EUR2 0001018135818011225     RCNP.FAC. HONORAIRES GESTION
0530004    00348EUR2 0001018135818011225     PDOFR FRANCE
0430004056800348EUR2 0001018135818011225  011225EAUBONNE 0043 MONTMORENC         0000000  0000000002975EP.FAC. HONORAIRE
0530004    00348EUR2 0001018135818011225     NPYEAUBONNE 0043 MONTMORENC
0530004    00348EUR2 0001018135818011225     LCCP.FAC. HONORAIRES GESTION
0530004    00348EUR2 0001018135818011225     RCNP.FAC. HONORAIRES GESTION
0530004    00348EUR2 0001018135818011225     PDOFR FRANCE
0430004056300348EUR2 00010181358C2011225  011225MR OU MME GERARD DELABARRE       0000000  0000000003200{0320253351970568
0530004    00348EUR2 00010181358C2011225     NPYMR OU MME GERARD DELABARRE
0530004    00348EUR2 00010181358C2011225     LCCACOMPTE DU DEVIS NUMERO DE00007594
0530004    00348EUR2 00010181358C2011225     RCN032025335197056840000001
0530004    00348EUR2 00010181358C2011225     PDOFR FRANCE
0430004056800348EUR2 0001018135818011225  011225EAUBONNE 0667 MONTMORENC         0000000  0000000006061{P.FAC. HONORAIRE
0530004    00348EUR2 0001018135818011225     NPYEAUBONNE 0667 MONTMORENC
0530004    00348EUR2 0001018135818011225     LCCP.FAC. HONORAIRES GESTION
0530004    00348EUR2 0001018135818011225     RCNP.FAC. HONORAIRES GESTION
0530004    00348EUR2 0001018135818011225     PDOFR FRANCE
0730004    00348EUR2 00010181358  011225                                                  0000000144121H
0110278    37531EUR2 00012903099  281125AU COEUR DES BEBES MAISON MEDICA COMPTE COURANT   0000000005546{281125021225
0410278900637531EUR2 0001290309918011225  011225VIR DE VERNIS PLUS               0000000 00000000380000{
0410278900237531EUR2 0001290309906011225  011225VIR SALAIRE                      0000000000000000363381K
0410278900237531EUR2 0001290309906011225  011225VIR REGULRE SALAIRE CARRION A    0000000000000000003207N
0710278    37531EUR2 00012903099  011225                                                  0000000018957C
0110278    37531EUR2 00012902099  281125AGP RENOVATION                   COMPTE COURANT   0000004218040F281125021225
0410278900637531EUR2 0001290209918301125  301125FC5772                           0000000 00000000002349E
0510278    37531EUR2 0001290209918301125     LIBVU53211JWWXB3V01
0510278    37531EUR2 0001290209918301125     NOMPLEXITECH
0510278    37531EUR2 0001290209918301125     NPYPLEXITECH
0510278    37531EUR2 0001290209918301125     LCCFC5772
0510278    37531EUR2 0001290209918301125     RCNVU53211JWWXB3V01
0410278900237531EUR2 0001290209906301125  301125VIR 25004430 MOLDEX              5004430000000000034634N
0410278900237531EUR2 0001290209906301125  301125VIR ZVLV19212358 LECHLER         9212358000000000308070}
0410278900237531EUR2 0001290209906301125  301125VIR 213690998 MANKIEWICZ         3690998000000000035340}
0410278900237531EUR2 0001290209906301125  301125VIR 12533930 SAMES               2533930000000000007303O
0410278900237531EUR2 0001290209906301125  301125VIR 12533969 SAMES               2533969000000000027667K
0410278900237531EUR2 0001290209906301125  301125VIR 12533607 SAMES               2533607000000000044645O
0410278900237531EUR2 0001290209906301125  301125VIR 51000087 VERGNE              1000087000000000023803K
0410278900237531EUR2 0001290209906301125  301125VIR 926507524 ST GOBAIN          6507524000000000046960R
0410278900237531EUR2 0001290209906301125  301125VIR 926517731 ST GOBAIN          6517731000000000006743N
0410278900237531EUR2 0001290209906301125  301125VIR I8399896 DEKRA               8399896000000000001620}
0410278900237531EUR2 0001290209906301125  301125VIR 213699010 MANKIEWICZ         3699010000000000087354N
0410278907837531EUR2 00012902099C2301125  301125VIR INST MR DEVEAUX RICHARD      0000000 00000000002590H
0510278    37531EUR2 00012902099C2301125     NOMMR DEVEAUX RICHARD                 VERNIS PLUS
0510278    37531EUR2 00012902099C2301125     NBEVERNIS PLUS
0510278    37531EUR2 00012902099C2301125     NPYMR DEVEAUX RICHARD
0510278    37531EUR2 00012902099C2301125     RCNNOT PROVIDED
0410278907837531EUR2 00012902099C2301125  301125VIR INST ATELIER HERBST          0000000 00000000000685{
0510278    37531EUR2 00012902099C2301125     LIBFC5799
0510278    37531EUR2 00012902099C2301125     NOMATELIER HERBST                     SARL VERNIS PLUS
0510278    37531EUR2 00012902099C2301125     NBESARL VERNIS PLUS
0510278    37531EUR2 00012902099C2301125     NPYATELIER HERBST
0510278    37531EUR2 00012902099C2301125     LCCFC5799
0510278    37531EUR2 00012902099C2301125     RCNNOTPROVIDED
0410278907837531EUR2 00012902099C2301125  301125VIR INST WORK STEEL              0000000 00000000018793H
0510278    37531EUR2 00012902099C2301125     LIBVIREMENT INSTANTANE
0510278    37531EUR2 00012902099C2301125     NOMWORK STEEL                         VERNIS PLUS
0510278    37531EUR2 00012902099C2301125     NBEVERNIS PLUS
0510278    37531EUR2 00012902099C2301125     NPYWORK STEEL
0510278    37531EUR2 00012902099C2301125     LCCVIREMENT INSTANTANE
0510278    37531EUR2 00012902099C2301125     RCNVIREMENT VERS VERNIS PLUS
0410278916237531EUR2 00012902099B1011225  011225PRLV SEPA GEODIS D E VAL D OISE  0000000000000000051018}
0510278    37531EUR2 00012902099B1011225     LIBPRELEVEMENT
0510278    37531EUR2 00012902099B1011225     RIBFR7630004013280001301245804          BNPAFRPPXXX
0510278    37531EUR2 00012902099B1011225     NOMGEODIS D E VAL D OISE              PRELVT VERNIS PLUS
0510278    37531EUR2 00012902099B1011225     NBEGEODIS D E VAL D OISE               48/50 ROUTE PRINCIPALE DU PORT
0510278    37531EUR2 00012902099B1011225     IBEFR04ZZZ469515
0510278    37531EUR2 00012902099B1011225     NPYPRELVT VERNIS PLUS
0510278    37531EUR2 00012902099B1011225     LCCPRELEVEMENT
0510278    37531EUR2 00012902099B1011225     RCN0000RLC80062
0510278    37531EUR2 00012902099B1011225     REFGTRSDD022689
0510278    37531EUR2 00012902099B1011225     RUM200213T07532727
0510278    37531EUR2 00012902099B1011225     CPYFR7610278375310001290990257
0410278916237531EUR2 00012902099B1011225  011225PRLV SEPA GH EXPERTISE ET CONSE  0000000000000000003600}
0510278    37531EUR2 00012902099B1011225     LIBGH EXPERTISE ET CONSEIL / GH EX
0510278    37531EUR2 00012902099B1011225     LIBISE
0510278    37531EUR2 00012902099B1011225     RIBFR2930002006690000008987S38          CRLYFRPPXXX
0510278    37531EUR2 00012902099B1011225     NOMGH EXPERTISE ET CONSEIL            VERNIS PLUS
0510278    37531EUR2 00012902099B1011225     NBEGH EXPERTISE ET CONSEIL             LEVALLOIS PERRET
0510278    37531EUR2 00012902099B1011225     IBEFR24ZZZ892657
0510278    37531EUR2 00012902099B1011225     NPYVERNIS PLUS
0510278    37531EUR2 00012902099B1011225     LCCGH EXPERTISE ET CONSEIL / GH EXPERTISE
0510278    37531EUR2 00012902099B1011225     RCNLCL-01025863-9561794
0510278    37531EUR2 00012902099B1011225     RUMLCL-01025863
0510278    37531EUR2 00012902099B1011225     CPYFR7610278375310001290990257
0410278039037531EUR2 0001290209930011225  021225REMCB00317 NB0001 TPE299138801   0800317 00000000001606{
0410278039737531EUR2 0001290209962011225  021225COMCB00317 NB0001 TPE299138801   0800317100000000000022N
0410278930537531EUR2 0001290209918011225  011225VIR S.A.S.   A AUTREMENT         0000000 00000000012477H
0510278    37531EUR2 0001290209918011225     LIBVERNIS PLUS FC5837
0510278    37531EUR2 0001290209918011225     NOMS.A.S.   A AUTREMENT               VERNIS PLUS
0510278    37531EUR2 0001290209918011225     NBEVERNIS PLUS
0510278    37531EUR2 0001290209918011225     NPYS.A.S.   A AUTREMENT
0510278    37531EUR2 0001290209918011225     LCCREGLEMENT FRNS 30 NOVEMBRE 25
0510278    37531EUR2 0001290209918011225     RCNVERNIS PLUS FC5837
0510278    37531EUR2 0001290209918011225     CBEFR7610278375310001290990257
0410278930537531EUR2 0001290209918011225  011225VIR MARIE 3D                     0000000 00000000046227B
0510278    37531EUR2 0001290209918011225     LIBREL 001492
0510278    37531EUR2 0001290209918011225     NOMMARIE 3D                           VERNIS
0510278    37531EUR2 0001290209918011225     NBEVERNIS
0510278    37531EUR2 0001290209918011225     NPYMARIE 3D
0510278    37531EUR2 0001290209918011225     LCCVIR MARIE 3D - FACTURE FC5741
0510278    37531EUR2 0001290209918011225     RCNREL 001492
0510278    37531EUR2 0001290209918011225     REF14112025/REL 001492
0510278    37531EUR2 0001290209918011225     CBEFR7610278375310001290990257
0410278930537531EUR2 0001290209918011225  011225VIR BIOBJECT FRANCE              0000000 00000000013416{
0510278    37531EUR2 0001290209918011225     LIBBIOBJECT FC5791
0510278    37531EUR2 0001290209918011225     NOMBIOBJECT FRANCE                    VERNIS PLUS
0510278    37531EUR2 0001290209918011225     NBEVERNIS PLUS
0510278    37531EUR2 0001290209918011225     NPYBIOBJECT FRANCE
0510278    37531EUR2 0001290209918011225     LCCBIOBJECT FC5791
0510278    37531EUR2 0001290209918011225     RCNBIOBJECT FC5791
0510278    37531EUR2 0001290209918011225     REFT253320009363339
0510278    37531EUR2 0001290209918011225     CBEFR7610278375310001290990257
0410278930537531EUR2 0001290209918011225  011225VIR LES CREAGENCEURS             0000000 00000000003407C
0510278    37531EUR2 0001290209918011225     LIB40VER0002-CRCA-828
0510278    37531EUR2 0001290209918011225     NOMLES CREAGENCEURS                   VERNIS PLUS
0510278    37531EUR2 0001290209918011225     NBEVERNIS PLUS
0510278    37531EUR2 0001290209918011225     NPYLES CREAGENCEURS
0510278    37531EUR2 0001290209918011225     LCCF00005773
0510278    37531EUR2 0001290209918011225     RCN40VER0002-CRCA-828
0510278    37531EUR2 0001290209918011225     CBEFR7610278375310001290990257
0410278930537531EUR2 0001290209918011225  011225VIR DES CAS                      0000000 00000000202757A
0510278    37531EUR2 0001290209918011225     LIBDES-CAS FRES 5317-5632
0510278    37531EUR2 0001290209918011225     NOMDES CAS                            VERNIS PLUS
0510278    37531EUR2 0001290209918011225     NBEVERNIS PLUS
0510278    37531EUR2 0001290209918011225     NPYDES CAS
0510278    37531EUR2 0001290209918011225     LCCVERNIS   FRES 5317 ET 5632
0510278    37531EUR2 0001290209918011225     RCNDES-CAS FRES 5317-5632
0510278    37531EUR2 0001290209918011225     CBEFR7610278375310001290990257
0410278930537531EUR2 0001290209918011225  011225VIR GAINERIE 91                  0000000 00000000077683F
0510278    37531EUR2 0001290209918011225     LIB5713
0510278    37531EUR2 0001290209918011225     NOMGAINERIE 91                        VERNIS PLUS
0510278    37531EUR2 0001290209918011225     NBEVERNIS PLUS
0510278    37531EUR2 0001290209918011225     NPYGAINERIE 91
0510278    37531EUR2 0001290209918011225     LCC5713
0510278    37531EUR2 0001290209918011225     RCN5713
0510278    37531EUR2 0001290209918011225     CBEFR7610278375310001290990257
0410278930537531EUR2 0001290209918011225  011225VIR S A R L ATELIERS E M G       0000000 00000000006469I
0510278    37531EUR2 0001290209918011225     LIBVERNIS    FC5777
0510278    37531EUR2 0001290209918011225     NOMS A R L ATELIERS E M G             VERNIS PLUS
0510278    37531EUR2 0001290209918011225     NBEVERNIS PLUS
0510278    37531EUR2 0001290209918011225     NPYS A R L ATELIERS E M G
0510278    37531EUR2 0001290209918011225     LCCVERNIS    FC5777
0510278    37531EUR2 0001290209918011225     RCNVERNIS    FC5777
0510278    37531EUR2 0001290209918011225     CBEFR7610278375310001290990257
0410278915637531EUR2 00012902099A1011225  011225VOTRE REMISE PRELEVMT DU 281125  0000000 00000000002869H
0510278    37531EUR2 00012902099A1011225     LIBPREL CY FC5730 MFG
0410278915637531EUR2 00012902099A1011225  011225VOTRE REMISE PRELEVMT DU 281125  0000000 00000000003705A
0510278    37531EUR2 00012902099A1011225     LIBPREL CY FC5806 TURPIN
0410278915637531EUR2 00012902099A1011225  011225VOTRE REMISE PRELEVMT DU 281125  0000000 00000000004708H
0510278    37531EUR2 00012902099A1011225     LIBPREL CY FC5813 V
0410278915637531EUR2 00012902099A1011225  011225VOTRE REMISE PRELEVMT DU 281125  0000000 00000000003811H
0510278    37531EUR2 00012902099A1011225     LIBPREL CY FC5820 MARBOTTE
0410278915637531EUR2 00012902099A1011225  011225VOTRE REMISE PRELEVMT DU 281125  0000000 00000000012486F
0510278    37531EUR2 00012902099A1011225     LIBPREL CY FC5819 GALLI
0410278915637531EUR2 00012902099A1011225  011225VOTRE REMISE PRELEVMT DU 281125  0000000 00000000005826{
0510278    37531EUR2 00012902099A1011225     LIBPREL CY FC5818 ADRIAN AUGAGNEUR
0410278915637531EUR2 00012902099A1011225  011225VOTRE REMISE PRELEVMT DU 281125  0000000 00000000019786C
0510278    37531EUR2 00012902099A1011225     LIBPREL CY FC5817 OXETI
0410278915637531EUR2 00012902099A1011225  011225VOTRE REMISE PRELEVMT DU 281125  0000000 00000000001457C
0510278    37531EUR2 00012902099A1011225     LIBPREL CY FC5825 DMP
0410278915637531EUR2 00012902099A1011225  011225VOTRE REMISE PRELEVMT DU 281125  0000000 00000000001777C
0510278    37531EUR2 00012902099A1011225     LIBPREL CY FC5824 AUGER DAVID
0410278915637531EUR2 00012902099A1011225  011225VOTRE REMISE PRELEVMT DU 281125  0000000 00000000003895G
0510278    37531EUR2 00012902099A1011225     LIBPREL CY FC5823 ATELIER LEBLANC
0410278915637531EUR2 00012902099A1011225  011225VOTRE REMISE PRELEVMT DU 281125  0000000 00000000000979C
0510278    37531EUR2 00012902099A1011225     LIBPREL CY FC5848 LAERO
0410278915637531EUR2 00012902099A1011225  011225VOTRE REMISE PRELEVMT DU 281125  0000000 00000000006130B
0510278    37531EUR2 00012902099A1011225     LIBPREL CY FC5655 VITAL
0410278915637531EUR2 00012902099A1011225  011225VOTRE REMISE PRELEVMT DU 281125  0000000 00000000031741F
0510278    37531EUR2 00012902099A1011225     LIBPREL CY FC5658 RIGONNOT
0410278915637531EUR2 00012902099A1011225  011225VOTRE REMISE PRELEVMT DU 281125  0000000 00000000010505D
0510278    37531EUR2 00012902099A1011225     LIBPREL CY FC5662 GUITARE GARAGE
0410278915637531EUR2 00012902099A1011225  011225VOTRE REMISE PRELEVMT DU 281125  0000000 00000000001823{
0510278    37531EUR2 00012902099A1011225     LIBPREL CY FC5663 DEMOLIS
0410278915637531EUR2 00012902099A1011225  011225VOTRE REMISE PRELEVMT DU 281125  0000000 00000000024838H
0510278    37531EUR2 00012902099A1011225     LIBPREL CY FC5664 IDEAFORM
0410278915637531EUR2 00012902099A1011225  011225VOTRE REMISE PRELEVMT DU 281125  0000000 00000000070970I
0510278    37531EUR2 00012902099A1011225     LIBPREL CY FC5665 ASJ
0410278915637531EUR2 00012902099A1011225  011225VOTRE REMISE PRELEVMT DU 281125  0000000 00000000031246{
0510278    37531EUR2 00012902099A1011225     LIBPREL CY FC5667 EOTNA
0410278915637531EUR2 00012902099A1011225  011225VOTRE REMISE PRELEVMT DU 281125  0000000 00000000004497{
0510278    37531EUR2 00012902099A1011225     LIBPREL CY FC5670 DML
0410278915637531EUR2 00012902099A1011225  011225VOTRE REMISE PRELEVMT DU 281125  0000000 00000000079878A
0510278    37531EUR2 00012902099A1011225     LIBPREL CY FC5672 ARTCOMPOSIT
0410278915637531EUR2 00012902099A1011225  011225VOTRE REMISE PRELEVMT DU 281125  0000000 00000000004691E
0510278    37531EUR2 00012902099A1011225     LIBPREL CY FC5674 PEUCH
0410278915637531EUR2 00012902099A1011225  011225VOTRE REMISE PRELEVMT DU 281125  0000000 00000000003250G
0510278    37531EUR2 00012902099A1011225     LIBPREL CY FC5677 CRAFT
0410278915637531EUR2 00012902099A1011225  011225VOTRE REMISE PRELEVMT DU 281125  0000000 00000000020958{
0510278    37531EUR2 00012902099A1011225     LIBPREL CY FC5680 AGENCEMENT CONCE
0410278915637531EUR2 00012902099A1011225  011225VOTRE REMISE PRELEVMT DU 281125  0000000 00000000021159G
0510278    37531EUR2 00012902099A1011225     LIBPREL CY FC5681 JORET
0410278915637531EUR2 00012902099A1011225  011225VOTRE REMISE PRELEVMT DU 281125  0000000 00000000002518D
0510278    37531EUR2 00012902099A1011225     LIBPREL CY FC5685 FAIDHERBE
0410278915637531EUR2 00012902099A1011225  011225VOTRE REMISE PRELEVMT DU 281125  0000000 00000000002142F
0510278    37531EUR2 00012902099A1011225     LIBPREL CY FC5686 PLET CHRISTOPHE
0410278915637531EUR2 00012902099A1011225  011225VOTRE REMISE PRELEVMT DU 281125  0000000 00000000051426E
0510278    37531EUR2 00012902099A1011225     LIBPREL CY FC5731 OLIVEIRA
0410278915637531EUR2 00012902099A1011225  011225VOTRE REMISE PRELEVMT DU 281125  0000000 00000000121270I
0510278    37531EUR2 00012902099A1011225     LIBPREL CY FC5732 DECOLAC
0410278915637531EUR2 00012902099A1011225  011225VOTRE REMISE PRELEVMT DU 281125  0000000 00000000146422D
0510278    37531EUR2 00012902099A1011225     LIBPREL CY FC5733 CVE
0410278915637531EUR2 00012902099A1011225  011225VOTRE REMISE PRELEVMT DU 281125  0000000 00000000004692{
0510278    37531EUR2 00012902099A1011225     LIBPREL CY FC5736 VAZARD
0410278915637531EUR2 00012902099A1011225  011225VOTRE REMISE PRELEVMT DU 281125  0000000 00000000008286F
0510278    37531EUR2 00012902099A1011225     LIBPREL CY FC5735 NICOLAS DESCHARS
0410278915637531EUR2 00012902099A1011225  011225VOTRE REMISE PRELEVMT DU 281125  0000000 00000000000827C
0510278    37531EUR2 00012902099A1011225     LIBPREL CY FC5734 PRESTIGE AGENCEM
0410278915637531EUR2 00012902099A1011225  011225VOTRE REMISE PRELEVMT DU 281125  0000000 00000000009714B
0510278    37531EUR2 00012902099A1011225     LIBPREL CY FC5693 RENAISSANCE
0410278915637531EUR2 00012902099A1011225  011225VOTRE REMISE PRELEVMT DU 281125  0000000 00000000023652{
0510278    37531EUR2 00012902099A1011225     LIBPREL CY FC5822 BOLI VERRE
0410278915637531EUR2 00012902099A1011225  011225VOTRE REMISE PRELEVMT DU 281125  0000000 00000000006355B
0510278    37531EUR2 00012902099A1011225     LIBPREL CY FC5696 CD MENUISERIE
0410278915637531EUR2 00012902099A1011225  011225VOTRE REMISE PRELEVMT DU 281125  0000000 00000000002604B
0510278    37531EUR2 00012902099A1011225     LIBPREL CY FC5699 ALEXANDRE JAMET
0410278915637531EUR2 00012902099A1011225  011225VOTRE REMISE PRELEVMT DU 281125  0000000 00000000090226I
0510278    37531EUR2 00012902099A1011225     LIBPREL CY FC5700 MGS
0410278915637531EUR2 00012902099A1011225  011225VOTRE REMISE PRELEVMT DU 281125  0000000 00000000002951C
0510278    37531EUR2 00012902099A1011225     LIBPREL CY FC5704 SWANN
0410278915637531EUR2 00012902099A1011225  011225VOTRE REMISE PRELEVMT DU 281125  0000000 00000000008329{
0510278    37531EUR2 00012902099A1011225     LIBPREL CY FC5707 SOUCHET
0410278915637531EUR2 00012902099A1011225  011225VOTRE REMISE PRELEVMT DU 281125  0000000 00000000006069H
0510278    37531EUR2 00012902099A1011225     LIBPREL CY FC5708 DARBOIS
0410278915637531EUR2 00012902099A1011225  011225VOTRE REMISE PRELEVMT DU 281125  0000000 00000000010038H
0510278    37531EUR2 00012902099A1011225     LIBPREL CY FC5712 EZEKA
0410278915637531EUR2 00012902099A1011225  011225VOTRE REMISE PRELEVMT DU 281125  0000000 00000000083228F
0510278    37531EUR2 00012902099A1011225     LIBPREL CY FC5718 SATILAK
0410278915637531EUR2 00012902099A1011225  011225VOTRE REMISE PRELEVMT DU 281125  0000000 00000000006217F
0510278    37531EUR2 00012902099A1011225     LIBPREL CY FC5720 SOLID
0410278915637531EUR2 00012902099A1011225  011225VOTRE REMISE PRELEVMT DU 281125  0000000 00000000008434H
0510278    37531EUR2 00012902099A1011225     LIBPREL CY FC5723 PETRICI
0410278915637531EUR2 00012902099A1011225  011225VOTRE REMISE PRELEVMT DU 281125  0000000 00000000056060E
0510278    37531EUR2 00012902099A1011225     LIBPREL CY FC5724 LEDIA
0410278915637531EUR2 00012902099A1011225  011225VOTRE REMISE PRELEVMT DU 281125  0000000 00000000021194B
0510278    37531EUR2 00012902099A1011225     LIBPREL CY FC5725 AUBOI
0410278915637531EUR2 00012902099A1011225  011225VOTRE REMISE PRELEVMT DU 281125  0000000 00000000020760H
0510278    37531EUR2 00012902099A1011225     LIBPREL CY FC5726 DENIS
0410278915637531EUR2 00012902099A1011225  011225VOTRE REMISE PRELEVMT DU 281125  0000000 00000000002215A
0510278    37531EUR2 00012902099A1011225     LIBPREL CY FC5727 VFA
0410278915637531EUR2 00012902099A1011225  011225VOTRE REMISE PRELEVMT DU 281125  0000000 00000000054407F
0510278    37531EUR2 00012902099A1011225     LIBPREL CY FC5728 CHALVET
0410278915637531EUR2 00012902099A1011225  011225VOTRE REMISE PRELEVMT DU 281125  0000000 00000000003260H
0510278    37531EUR2 00012902099A1011225     LIBPREL CY FC5729 GUEGAN
0410278915637531EUR2 00012902099A1011225  011225VOTRE REMISE PRELEVMT DU 281125  0000000 00000000013583B
0510278    37531EUR2 00012902099A1011225     LIBPREL CY FC5829 LA FABRQUE DE LE
0410278915637531EUR2 00012902099A1011225  011225VOTRE REMISE PRELEVMT DU 281125  0000000 00000000002770C
0510278    37531EUR2 00012902099A1011225     LIBPREL CY FC5833 SAPIDE
0410278915637531EUR2 00012902099A1011225  011225VOTRE REMISE PRELEVMT DU 281125  0000000 00000000003922A
0510278    37531EUR2 00012902099A1011225     LIBPREL CY FC5832 MOBUSA
0410278915637531EUR2 00012902099A1011225  011225VOTRE REMISE PRELEVMT DU 281125  0000000 00000000002148{
0510278    37531EUR2 00012902099A1011225     LIBPREL CY FC5835 COULEURS SYSTEME
0410278915637531EUR2 00012902099A1011225  011225VOTRE REMISE PRELEVMT DU 281125  0000000 00000000001588F
0510278    37531EUR2 00012902099A1011225     LIBPREL CY FC5839 FABIEN PAUL FAIS
0410278915637531EUR2 00012902099A1011225  011225VOTRE REMISE PRELEVMT DU 281125  0000000 00000000033612B
0510278    37531EUR2 00012902099A1011225     LIBPREL CY FC5842 SATEC
0410278915637531EUR2 00012902099A1011225  011225VOTRE REMISE PRELEVMT DU 281125  0000000 00000000014285{
0510278    37531EUR2 00012902099A1011225     LIBPREL CY FC5844 TECH LOIRE
0410278915637531EUR2 00012902099A1011225  011225VOTRE REMISE PRELEVMT DU 281125  0000000 00000000006600{
0510278    37531EUR2 00012902099A1011225     LIBPREL CY FC5843  CHAFFRAY
0410278915637531EUR2 00012902099A1011225  011225VOTRE REMISE PRELEVMT DU 281125  0000000 00000000007687A
0510278    37531EUR2 00012902099A1011225     LIBPREL CY FC5847 ART DU VERRE
0410278915637531EUR2 00012902099A1011225  011225VOTRE REMISE PRELEVMT DU 281125  0000000 00000000006536D
0510278    37531EUR2 00012902099A1011225     LIBPREL CY FC5850 AVOIR AV0854 ALT
0410278915637531EUR2 00012902099A1011225  011225VOTRE REMISE PRELEVMT DU 281125  0000000 00000000007838C
0510278    37531EUR2 00012902099A1011225     LIBPREL CY FC5826 APMUX
0410278915637531EUR2 00012902099A1011225  011225VOTRE REMISE PRELEVMT DU 281125  0000000 00000000001308{
0510278    37531EUR2 00012902099A1011225     LIBPREL CY FC5801 EB MOBILIER
0410278915637531EUR2 00012902099A1011225  011225VOTRE REMISE PRELEVMT DU 281125  0000000 00000000035172{
0510278    37531EUR2 00012902099A1011225     LIBPREL CY FC5739 COTE JARDIN
0410278915637531EUR2 00012902099A1011225  011225VOTRE REMISE PRELEVMT DU 281125  0000000 00000000038433D
0510278    37531EUR2 00012902099A1011225     LIBPREL CY FC5740 MEREBAT
0410278915637531EUR2 00012902099A1011225  011225VOTRE REMISE PRELEVMT DU 281125  0000000 00000000022697{
0510278    37531EUR2 00012902099A1011225     LIBPREL CY FC5742 ATELIER JEANSON
0410278915637531EUR2 00012902099A1011225  011225VOTRE REMISE PRELEVMT DU 281125  0000000 00000000011626D
0510278    37531EUR2 00012902099A1011225     LIBPREL CY FC5744 AIT
0410278915637531EUR2 00012902099A1011225  011225VOTRE REMISE PRELEVMT DU 281125  0000000 00000000005040{
0510278    37531EUR2 00012902099A1011225     LIBPREL CY FC5747 ALVEOLE
0410278915637531EUR2 00012902099A1011225  011225VOTRE REMISE PRELEVMT DU 281125  0000000 00000000007737D
0510278    37531EUR2 00012902099A1011225     LIBPREL CY FC5749 ATELIER 543
0410278915637531EUR2 00012902099A1011225  011225VOTRE REMISE PRELEVMT DU 281125  0000000 00000000030721G
0510278    37531EUR2 00012902099A1011225     LIBPREL CY FC5750 LA FABRIK
0410278915637531EUR2 00012902099A1011225  011225VOTRE REMISE PRELEVMT DU 281125  0000000 00000000031158{
0510278    37531EUR2 00012902099A1011225     LIBPREL CY FC5752 MSM
0410278915637531EUR2 00012902099A1011225  011225VOTRE REMISE PRELEVMT DU 281125  0000000 00000000005914A
0510278    37531EUR2 00012902099A1011225     LIBPREL CY FC5753 AEROGOMMAGE
0410278915637531EUR2 00012902099A1011225  011225VOTRE REMISE PRELEVMT DU 281125  0000000 00000000010502F
0510278    37531EUR2 00012902099A1011225     LIBPREL CY FC5756 COLOR MAKER
0410278915637531EUR2 00012902099A1011225  011225VOTRE REMISE PRELEVMT DU 281125  0000000 00000000009039F
0510278    37531EUR2 00012902099A1011225     LIBPREL CY FC5755 RIBEIRO
0410278915637531EUR2 00012902099A1011225  011225VOTRE REMISE PRELEVMT DU 281125  0000000 00000000006442G
0510278    37531EUR2 00012902099A1011225     LIBPREL CY FC5759 AUZOUX
0410278915637531EUR2 00012902099A1011225  011225VOTRE REMISE PRELEVMT DU 281125  0000000 00000000006183F
0510278    37531EUR2 00012902099A1011225     LIBPREL CY FC5761 JBP
0410278915637531EUR2 00012902099A1011225  011225VOTRE REMISE PRELEVMT DU 281125  0000000 00000000006544H
0510278    37531EUR2 00012902099A1011225     LIBPREL CY FC5763 ARTHEL
0410278915637531EUR2 00012902099A1011225  011225VOTRE REMISE PRELEVMT DU 281125  0000000 00000000025764E
0510278    37531EUR2 00012902099A1011225     LIBPREL CY FC5768 KOPAC
0410278915637531EUR2 00012902099A1011225  011225VOTRE REMISE PRELEVMT DU 281125  0000000 00000000013230{
0510278    37531EUR2 00012902099A1011225     LIBPREL CY FC5767 DEGROOTE
0410278915637531EUR2 00012902099A1011225  011225VOTRE REMISE PRELEVMT DU 281125  0000000 00000000001220C
0510278    37531EUR2 00012902099A1011225     LIBPREL CY FC5770 BARBREL
0410278915637531EUR2 00012902099A1011225  011225VOTRE REMISE PRELEVMT DU 281125  0000000 00000000003407C
0510278    37531EUR2 00012902099A1011225     LIBPREL CY FC5773 LES CREAGENCEURS
0410278915637531EUR2 00012902099A1011225  011225VOTRE REMISE PRELEVMT DU 281125  0000000 00000000005541F
0510278    37531EUR2 00012902099A1011225     LIBPREL CY FC5775 MINOUFLET
0410278915637531EUR2 00012902099A1011225  011225VOTRE REMISE PRELEVMT DU 281125  0000000 00000000003279E
0510278    37531EUR2 00012902099A1011225     LIBPREL CY FC5781 IEB
0410278915637531EUR2 00012902099A1011225  011225VOTRE REMISE PRELEVMT DU 281125  0000000 00000000008476B
0510278    37531EUR2 00012902099A1011225     LIBPREL CY FC5780 ABMA
0410278915637531EUR2 00012902099A1011225  011225VOTRE REMISE PRELEVMT DU 281125  0000000 00000000000734E
0510278    37531EUR2 00012902099A1011225     LIBPREL CY FC5783 YAL
0410278915637531EUR2 00012902099A1011225  011225VOTRE REMISE PRELEVMT DU 281125  0000000 00000000016618A
0510278    37531EUR2 00012902099A1011225     LIBPREL CY FC5167 REVOLUPLAST
0410278915637531EUR2 00012902099A1011225  011225VOTRE REMISE PRELEVMT DU 281125  0000000 00000000008063B
0510278    37531EUR2 00012902099A1011225     LIBPREL CY FC5788 CASSONNET
0410278915637531EUR2 00012902099A1011225  011225VOTRE REMISE PRELEVMT DU 281125  0000000 00000000000666{
0510278    37531EUR2 00012902099A1011225     LIBPREL CY FC5787 COUDDOISE
0410278915637531EUR2 00012902099A1011225  011225VOTRE REMISE PRELEVMT DU 281125  0000000 00000000002578A
0510278    37531EUR2 00012902099A1011225     LIBPREL CY FC5786 DAGORN
0410278915637531EUR2 00012902099A1011225  011225VOTRE REMISE PRELEVMT DU 281125  0000000 00000000012551D
0510278    37531EUR2 00012902099A1011225     LIBPREL CY FC5785 V
0410278915637531EUR2 00012902099A1011225  011225VOTRE REMISE PRELEVMT DU 281125  0000000 00000000018387E
0510278    37531EUR2 00012902099A1011225     LIBPREL CY FC5796 REVOLUPLAST
0410278915637531EUR2 00012902099A1011225  011225VOTRE REMISE PRELEVMT DU 281125  0000000 00000000017561H
0510278    37531EUR2 00012902099A1011225     LIBPREL CY FC5798 HUGON
0410278915637531EUR2 00012902099A1011225  011225VOTRE REMISE PRELEVMT DU 281125  0000000 00000000002179D
0510278    37531EUR2 00012902099A1011225     LIBPREL CY FC5800 MAD
0410278915637531EUR2 00012902099A1011225  011225VOTRE REMISE PRELEVMT DU 281125  0000000 00000000003755D
0510278    37531EUR2 00012902099A1011225     LIBPREL CY FC5802 SAPRISTI
0410278915637531EUR2 00012902099A1011225  011225VOTRE REMISE PRELEVMT DU 281125  0000000 00000000006295G
0510278    37531EUR2 00012902099A1011225     LIBPREL CY FC5808 ASCOR
0410278915637531EUR2 00012902099A1011225  011225VOTRE REMISE PRELEVMT DU 281125  0000000 00000000002392F
0510278    37531EUR2 00012902099A1011225     LIBPREL CY FC5807 JMB
0410278930537531EUR2 0001290209918011225  011225SHAPA FC5715 FC5511 AV0915       0000000 00000000010277A
0510278    37531EUR2 0001290209918011225     LIBSHAPA
0510278    37531EUR2 0001290209918011225     NOMSHAPA                              VERNIS PLUS
0510278    37531EUR2 0001290209918011225     NBEVERNIS PLUS
0510278    37531EUR2 0001290209918011225     NPYSHAPA
0510278    37531EUR2 0001290209918011225     LCCSHAPA FC5715 FC5511 AV0915
0510278    37531EUR2 0001290209918011225     RCNVK53323J9K364201
0510278    37531EUR2 0001290209918011225     REFVK53323J9K364201
0510278    37531EUR2 0001290209918011225     CBEFR7610278375310001290990257
0410278900237531EUR2 0001290209906011225  011225VIR FAC3194 BT CONSEIL           0000000000000000001668}
0410278907837531EUR2 00012902099C2011225  011225VIR INST AD FINITION             0000000 00000000048832H
0510278    37531EUR2 00012902099C2011225     NOMAD FINITION                        VERNIS PLUS
0510278    37531EUR2 00012902099C2011225     NBEVERNIS PLUS
0510278    37531EUR2 00012902099C2011225     NPYAD FINITION
0510278    37531EUR2 00012902099C2011225     RCNZZ1JHZJJSIBAPEULE
0410278907837531EUR2 00012902099C2011225  011225VIR INST AGECOP SCOP             0000000 00000000001696H
0510278    37531EUR2 00012902099C2011225     LIBVERNIS FC5721 AGECOP
0510278    37531EUR2 00012902099C2011225     NOMAGECOP SCOP                        VERNIS PLUS
0510278    37531EUR2 00012902099C2011225     NBEVERNIS PLUS
0510278    37531EUR2 00012902099C2011225     NPYAGECOP SCOP
0510278    37531EUR2 00012902099C2011225     LCCVERNIS FC5721 AGECOP
0510278    37531EUR2 00012902099C2011225     RCNVERNIS FC5721 AGECOP
0410278931437531EUR2 0001290209906011225  011225VIR 002459E25-AV113NE25-112NE25  0000000000000000294949O
0410278900337531EUR2 0001290209906011225  011225VIR C/C EUROCOMPTE PRO           0000000100000000380000}
0410278930537531EUR2 0001290209918011225  011225FC2AA FACTURES ECH 30/11/2025    0000000 00000000041711H
0510278    37531EUR2 0001290209918011225     LIBFRANCE CONCEPT AGENCEMEN
0510278    37531EUR2 0001290209918011225     NOMFRANCE CONCEPT AGENCEMENT          VERNIS
0510278    37531EUR2 0001290209918011225     NBEVERNIS
0510278    37531EUR2 0001290209918011225     NPYFRANCE CONCEPT AGENCEMENT
0510278    37531EUR2 0001290209918011225     LCCFC2AA FACTURES ECH 30/11/2025
0510278    37531EUR2 0001290209918011225     RCNNONE
0510278    37531EUR2 0001290209918011225     REFVU53312PWB6GAJ1U
0510278    37531EUR2 0001290209918011225     CBEFR7610278375310001290990257
0410278930537531EUR2 0001290209918011225  011225LAUGERE TRADITIONS FACT. N  FC5  0000000 00000000006837A
0510278    37531EUR2 0001290209918011225     LIBLAUGERE TRADITIONS
0510278    37531EUR2 0001290209918011225     LIB15
0510278    37531EUR2 0001290209918011225     NOMLAUGERE TRADITIONS                 VERNIS PLUS
0510278    37531EUR2 0001290209918011225     NBEVERNIS PLUS
0510278    37531EUR2 0001290209918011225     NPYLAUGERE TRADITIONS
0510278    37531EUR2 0001290209918011225     LCCLAUGERE TRADITIONS FACT. N  FC58   15
0510278    37531EUR2 0001290209918011225     RCNNONE
0510278    37531EUR2 0001290209918011225     REFVU53311SBRPD3J0S
0510278    37531EUR2 0001290209918011225     CBEFR7610278375310001290990257
0410278930537531EUR2 0001290209918011225  011225VIR METAL FINITIONS              0000000 00000000106200{
0510278    37531EUR2 0001290209918011225     LIBFC5703
0510278    37531EUR2 0001290209918011225     NOMMETAL FINITIONS                    VERNIS
0510278    37531EUR2 0001290209918011225     NBEVERNIS
0510278    37531EUR2 0001290209918011225     NPYMETAL FINITIONS
0510278    37531EUR2 0001290209918011225     LCCFC5703
0510278    37531EUR2 0001290209918011225     RCN1764320480.807162532677
0510278    37531EUR2 0001290209918011225     REF677-FC5703
0510278    37531EUR2 0001290209918011225     CBEFR7610278375310001290990257
0410278930537531EUR2 0001290209918011225  011225VIR STE  HENRI SELMER PARIS      0000000 00000000014413H
0510278    37531EUR2 0001290209918011225     LIB202511285049372324
0510278    37531EUR2 0001290209918011225     LIBLMER BRED DU 28-11-2025
0510278    37531EUR2 0001290209918011225     NOMSTE  HENRI SELMER PARIS            VERNIS
0510278    37531EUR2 0001290209918011225     NBEVERNIS
0510278    37531EUR2 0001290209918011225     NPYSTE  HENRI SELMER PARIS
0510278    37531EUR2 0001290209918011225     LCCVIR SELMER BRED DU 28-11-2025VIR SELMER BRED DU 28-11-2025
0510278    37531EUR2 0001290209918011225     RCN202511285049372324
0510278    37531EUR2 0001290209918011225     REF2025-11-28-14.26.35.041804
0510278    37531EUR2 0001290209918011225     CBEFR7610278375310001290990257
0410278930537531EUR2 0001290209918011225  011225VIR PROTEC DECORS                0000000 00000000016572E
0510278    37531EUR2 0001290209918011225     LIBFC5766
0510278    37531EUR2 0001290209918011225     NOMPROTEC DECORS                      VERNISPLUS
0510278    37531EUR2 0001290209918011225     NBEVERNISPLUS
0510278    37531EUR2 0001290209918011225     NPYPROTEC DECORS
0510278    37531EUR2 0001290209918011225     LCCVERNIS
0510278    37531EUR2 0001290209918011225     RCNFC5766
0510278    37531EUR2 0001290209918011225     REFT253350006236662
0510278    37531EUR2 0001290209918011225     CBEFR7610278375310001290990257
0410278930537531EUR2 0001290209918011225  011225VIR MR FAUCHER ERIC              0000000 00000000003499H
0510278    37531EUR2 0001290209918011225     LIBVIREMENT DE MR FAUCHER ERIC
0510278    37531EUR2 0001290209918011225     NOMMR FAUCHER ERIC                    VERNIS
0510278    37531EUR2 0001290209918011225     NBEVERNIS
0510278    37531EUR2 0001290209918011225     NPYMR FAUCHER ERIC
0510278    37531EUR2 0001290209918011225     LCCDECO GOMM FC 5828
0510278    37531EUR2 0001290209918011225     RCNVIREMENT DE MR FAUCHER ERIC
0510278    37531EUR2 0001290209918011225     REFT253350004647938
0510278    37531EUR2 0001290209918011225     CBEFR7610278375310001290990257
0410278930537531EUR2 0001290209918011225  011225VIR S.A.S.   DMPP                0000000 00000000003232I
0510278    37531EUR2 0001290209918011225     LIB10278-20-25335470070201
0510278    37531EUR2 0001290209918011225     NOMS.A.S.   DMPP                      VERNIS PLUS
0510278    37531EUR2 0001290209918011225     NBEVERNIS PLUS
0510278    37531EUR2 0001290209918011225     NPYS.A.S.   DMPP
0510278    37531EUR2 0001290209918011225     LCCFACT FC5671
0510278    37531EUR2 0001290209918011225     RCN10278-20-25335470070201
0510278    37531EUR2 0001290209918011225     CBEFR7610278375310001290990257
0410278907837531EUR2 00012902099C2011225  011225VIR INST AKTA REEMPLOI           0000000 00000000006894{
0510278    37531EUR2 00012902099C2011225     LIBDE7358
0510278    37531EUR2 00012902099C2011225     NOMAKTA REEMPLOI                      VERNIS
0510278    37531EUR2 00012902099C2011225     NBEVERNIS
0510278    37531EUR2 00012902099C2011225     NPYAKTA REEMPLOI
0510278    37531EUR2 00012902099C2011225     LCCDE7358
0510278    37531EUR2 00012902099C2011225     RCNSCTINSTOUTXI QCAH0QUM87CBPTAY9VW
0410278930537531EUR2 0001290209918011225  011225VIR MERI                         0000000 00000000000729F
0510278    37531EUR2 0001290209918011225     LIBV05-26000008/690000
0510278    37531EUR2 0001290209918011225     NOMMERI                               VERNIS PLUS
0510278    37531EUR2 0001290209918011225     NBEVERNIS PLUS
0510278    37531EUR2 0001290209918011225     NPYMERI
0510278    37531EUR2 0001290209918011225     LCCFC5779
0510278    37531EUR2 0001290209918011225     RCNV05-26000008/690000
0510278    37531EUR2 0001290209918011225     REFT253350007370512
0510278    37531EUR2 0001290209918011225     CBEFR7610278375310001290990257
0410278026037531EUR2 0001290209931011225  011225REMISE LCR FC5657      1205681   1205681 00000000046718I
0410278026037531EUR2 0001290209931011225  011225REMISE LCR FC5661      1205682   1205682 00000000014827A
0410278026037531EUR2 0001290209931011225  011225REMISE LCR FC5694      1205683   1205683 00000000133731B
0410278026037531EUR2 0001290209931011225  011225REMISE LCR FC5697      1205684   1205684 00000000029461B
0410278026037531EUR2 0001290209931011225  011225REMISE LCR FC5709      1205685   1205685 00000000015297G
0410278026037531EUR2 0001290209931011225  011225REMISE LCR FC5710      1205686   1205686 00000000009318{
0410278026037531EUR2 0001290209931011225  011225REMISE LCR FC5717      1205687   1205687 00000000008226{
0410278026037531EUR2 0001290209931011225  011225REMISE LCR FC5722      1205688   1205688 00000000012717{
0410278026037531EUR2 0001290209931011225  011225REMISE LCR FC5743      1205689   1205689 00000000019053G
0410278026037531EUR2 0001290209931011225  011225REMISE LCR FC5745      1205691   1205691 00000000086164C
0410278026037531EUR2 0001290209931011225  011225REMISE LCR FC5751      1205692   1205692 00000000007957B
0410278026037531EUR2 0001290209931011225  011225REMISE LCR FC5757      1205693   1205693 00000000033115D
0410278026037531EUR2 0001290209931011225  011225REMISE LCR FC5776      1205694   1205694 00000000038847H
0410278026037531EUR2 0001290209931011225  011225REMISE LCR FC5778      1205695   1205695 00000000020960B
0410278026037531EUR2 0001290209931011225  011225REMISE LCR FC5782      1205697   1205697 00000000005907{
0410278026037531EUR2 0001290209931011225  011225REMISE LCR FC5784      1205698   1205698 00000000001111H
0410278026037531EUR2 0001290209931011225  011225REMISE LCR FC5797      1205699   1205699 00000000006263B
0410278026037531EUR2 0001290209931011225  011225REMISE LCR FC5803      1205701   1205701 00000000008408I
0410278026437531EUR2 0001290209907011225  011225EFFET DOMICILIE   RELEVE 606787  0000000000000000009829K
0710278    37531EUR2 00012902099  011225                                                  0000005608357G
0130004    00908EUR2 00010151875  281125L'EPICURIEN                      COMPTE COURANT   0000000039988B
0430004008300908EUR2 0001015187528011225  011225DU 281125 REGIE HORODATEU LE RA  00000000 0000000000001}INCY CARTE 4974X
0530004    00908EUR2 0001015187528011225     LIBXXXXXXX0444
0430004056800908EUR2 0001015187518011225  011225CPAM 94                          0000000  0000000000210{0000009311124783
0530004    00908EUR2 0001015187518011225     NPYCPAM 94
0530004    00908EUR2 0001015187518011225     IPY0                                  BICORBEI
0530004    00908EUR2 0001015187518011225     LCC0000009311124783310731251128
0530004    00908EUR2 0001015187518011225     RCN0000009311124783310731251128       PENS
0530004    00908EUR2 0001015187518011225     PDOFR FRANCE
0430004056800908EUR2 0001015187518011225  011225CAMIEG                           0000000  0000000000575{0000009311124783
0530004    00908EUR2 0001015187518011225     NPYCAMIEG
0530004    00908EUR2 0001015187518011225     IPY0                                  BICORBEI
0530004    00908EUR2 0001015187518011225     LCC0000009311124783310021251128
0530004    00908EUR2 0001015187518011225     RCN0000009311124783310021251128       PENS
0530004    00908EUR2 0001015187518011225     PDOFR FRANCE
0430004056800908EUR2 0001015187518011225  011225CPAM 77                          0000000  0000000000955B0000009311124783
0530004    00908EUR2 0001015187518011225     NPYCPAM 77
0530004    00908EUR2 0001015187518011225     IPY0                                  BICORBEI
0530004    00908EUR2 0001015187518011225     LCC0000009311124783310051251128
0530004    00908EUR2 0001015187518011225     RCN0000009311124783310051251128       PENS
0530004    00908EUR2 0001015187518011225     PDOFR FRANCE
0430004056800908EUR2 0001015187518011225  011225CPAM 75 PRESTATIONS              0000000  0000000001270B0000009311124783
0530004    00908EUR2 0001015187518011225     NPYCPAM 75 PRESTATIONS
0530004    00908EUR2 0001015187518011225     IPY0                                  BICORBEI
0530004    00908EUR2 0001015187518011225     LCC0000009311124783312201251128
0530004    00908EUR2 0001015187518011225     RCN0000009311124783312201251128       PENS
0530004    00908EUR2 0001015187518011225     PDOFR FRANCE
0430004056800908EUR2 0001015187518011225  011225MGEN                             0000000  0000000001618B0000009311124783
0530004    00908EUR2 0001015187518011225     NPYMGEN
0530004    00908EUR2 0001015187518011225     IPY0                                  BICORBEI
0530004    00908EUR2 0001015187518011225     LCC0000009311124783286511251125
0530004    00908EUR2 0001015187518011225     RCN0000009311124783286511251125
0530004    00908EUR2 0001015187518011225     PDOFR FRANCE
0430004056800908EUR2 0001015187518011225  011225CPAM 93                          0000000  0000000015634A0000009311124783
0530004    00908EUR2 0001015187518011225     NPYCPAM 93
0530004    00908EUR2 0001015187518011225     IPY0                                  BICORBEI
0530004    00908EUR2 0001015187518011225     LCC0000009311124783311393251128
0530004    00908EUR2 0001015187518011225     RCN0000009311124783311393251128       PENS
0530004    00908EUR2 0001015187518011225     PDOFR FRANCE
0730004    00908EUR2 00010151875  011225                                                  0000000060249I
0130066    10323EUR2 00020541061  281125CABALOI                          COMPTE COURANT   0000000119346C281125021225
0430066916210323EUR2 00020541061B1011225  011225PRLV SEPA VALODIS ROUSSEAU AUTO  0000000000000000000020O
0530066    10323EUR2 00020541061B1011225     LIBVALODIS
0530066    10323EUR2 00020541061B1011225     RIBFR7630066109470002029350176          CMCIFRPPXXX
0530066    10323EUR2 00020541061B1011225     NOMVALODIS ROUSSEAU AUTOMOBILE        PORTE ROUGE AUTOMOBILES A02
0530066    10323EUR2 00020541061B1011225     NBEVALODIS ROUSSEAU AUTOMOBILE
0530066    10323EUR2 00020541061B1011225     IBEFR22ZZZ461528
0530066    10323EUR2 00020541061B1011225     NPYPORTE ROUGE AUTOMOBILES A02
0530066    10323EUR2 00020541061B1011225     LCCVALODIS
0530066    10323EUR2 00020541061B1011225     RCN45299-2141
0530066    10323EUR2 00020541061B1011225     REF45299-2141
0530066    10323EUR2 00020541061B1011225     RUM645299VALODIS
0530066    10323EUR2 00020541061B1011225     CPYFR7630066103230002054160108
0430066916210323EUR2 00020541061B1011225  011225PRLV SEPA HORIZON                0000000000000000015528M
0530066    10323EUR2 00020541061B1011225     RIBFR7630003035860002001207673          SOGEFRPPXXX
0530066    10323EUR2 00020541061B1011225     NOMHORIZON                            PORTE ROUGE AUTOMOBILES
0530066    10323EUR2 00020541061B1011225     NBEHORIZON                             NANTERRE
0530066    10323EUR2 00020541061B1011225     IBEFR25ZZZ484366
0530066    10323EUR2 00020541061B1011225     NPYPORTE ROUGE AUTOMOBILES
0530066    10323EUR2 00020541061B1011225     RCN251112000131
0530066    10323EUR2 00020541061B1011225     REF251112000131
0530066    10323EUR2 00020541061B1011225     RUM211531
0530066    10323EUR2 00020541061B1011225     CPYFR7630066103230002054160108
0430066916210323EUR2 00020541061B1011225  011225PRLV SEPA ROUSSEAU CERGY PONTOI  0000000000000000008259N
0530066    10323EUR2 00020541061B1011225     RIBFR7630066109470002167550150          CMCIFRPPXXX
0530066    10323EUR2 00020541061B1011225     NOMROUSSEAU CERGY PONTOISE SA         PORTE ROUGE AUTOMOBILE
0530066    10323EUR2 00020541061B1011225     NBEROUSSEAU CERGY PONTOISE SA
0530066    10323EUR2 00020541061B1011225     IBEFR57ZZZ001215
0530066    10323EUR2 00020541061B1011225     NPYPORTE ROUGE AUTOMOBILE
0530066    10323EUR2 00020541061B1011225     LCCROUSSEAU CERGY PONTOISE
0530066    10323EUR2 00020541061B1011225     RCN17496-13244
0530066    10323EUR2 00020541061B1011225     REF17496-13244
0530066    10323EUR2 00020541061B1011225     RUMROUSSEAUCERGY17496
0530066    10323EUR2 00020541061B1011225     CPYFR7630066103230002054160108
0430066901310323EUR2 0002054106106011225  011225VIR SEPA LOYER MME BERNARD       0000000000000000028694}
0530066    10323EUR2 0002054106106011225     LIBI05V25335L044321
0430066907810323EUR2 00020541061C2011225  011225VIR INST M PHILIPPE PANAYE       0000000 00000000070000{
0530066    10323EUR2 00020541061C2011225     LIBVIR DE M PHILIPPE PANAYE
0530066    10323EUR2 00020541061C2011225     NOMM PHILIPPE PANAYE                  PORTE ROUGE AUTOMOBILES
0530066    10323EUR2 00020541061C2011225     NBEPORTE ROUGE AUTOMOBILES
0530066    10323EUR2 00020541061C2011225     NPYM PHILIPPE PANAYE
0530066    10323EUR2 00020541061C2011225     LCCVIR DE M PHILIPPE PANAYE
0530066    10323EUR2 00020541061C2011225     RCNVK53351TYA0RVB01
0430066026410323EUR2 0002054106107011225  011225EFFET DOMICILIE   RELEVE 383352  0000000000000000027706R
0730066    10323EUR2 00020541061  011225                                                  0000000109136I
0130004    03130EUR2 00011644957  281125MR DAVEAU XAVIER              MR DAVEAU XAVIER    0000000032118A
0430004052903130EUR2 0001164495721011225  011225/MOTIF /BEN CCE CERGY COURSES E         0 0000000000716M
0530004    03130EUR2 0001164495721011225     NPYCF PARIS
0530004    03130EUR2 0001164495721011225     NBECCE CERGY COURSES EXPRESS
0530004    03130EUR2 0001164495721011225     RCNCF PARIS 230
0530004    03130EUR2 0001164495721011225     REFCCE 230                            CCE 230
0530004    03130EUR2 0001164495721011225     CBEFR7630004018560002521574611
0430004052903130EUR2 0001164495721011225  011225/MOTIF /BEN ANDO INGENIERIE /RE         0 0000000050376}
0530004    03130EUR2 0001164495721011225     NPYCF PARIS
0530004    03130EUR2 0001164495721011225     NBEANDO INGENIERIE
0530004    03130EUR2 0001164495721011225     RCNCF PARIS 5307 A 76
0530004    03130EUR2 0001164495721011225     REFANDO 5307-76                       ANDO 5307-76
0530004    03130EUR2 0001164495721011225     CBEFR7630066109370002020100115
0430004055703130EUR2 0001164495718011225  011225/REFBEN INTERGROUPE /ORIG FABRI  0000000  0000001000000{C /MOTIF INTERGR
0530004    03130EUR2 0001164495718011225     NPYFABRIC
0530004    03130EUR2 0001164495718011225     LCCINTERGROUPE
0530004    03130EUR2 0001164495718011225     RCNINTERGROUPE
0530004    03130EUR2 0001164495718011225     PDOFR FRANCE
0730004    03130EUR2 00011644957  011225                                                  0000000981025G
0110096    18171EUR2 00024531048  281125AGENCE LOCALE D               ALEC SUD PARISIENNE 0000000142601{281125021225
0710096    18171EUR2 00024531048  011225                                                  0000000142601{