0116906    00028EUR2 87052423549  031225CM MARECHALERIE                  COMPTE COURANT   0000000035618B  233
0716906    00028EUR2 87052423549  041225        ------------------------------            0000000035618B
0116606    00048EUR2 48503511111  031225AGENCE LOCALE D               ALEC SUD PARISIENNE 0000000039508B  233
0416606000000048EUR2E4850351111105041225  041225VIR TRES HOSPITALIERE DEPT CHAR  0000000100000000046653A
0516606    00048EUR2 4850351111105041225     NPYTRES HOSPITALIERE DEPT CHARTRES
0516606    00048EUR2 4850351111105041225     NBEDOCTEUR FERRERO PASCAL PASCAL
0516606    00048EUR2 4850351111105041225     NPOCH NOGENT LE ROTROU
0516606    00048EUR2 4850351111105041225     LCCFACTURE N AMBU DU 24 AU 27 NOVCH NOGENT LE ROTROU
0516606    00048EUR2 4850351111105041225     RCN1602804702890002122025-8785
0516606    00048EUR2 4850351111105041225     LIBBDFEFRPP
0516606    00048EUR2 4850351111105041225     MMOEUR200000000466531
0416606000000048EUR2E4850351111105041225  041225VIR C.P.A.M. CHARTRES 000000281  1251203100000000000600{
0516606    00048EUR2 4850351111105041225     NPYC.P.A.M. CHARTRES
0516606    00048EUR2 4850351111105041225     NBEFERRERO PASCAL
0516606    00048EUR2 4850351111105041225     LCC0000002810153883367011251203
0516606    00048EUR2 4850351111105041225     RCN0000002810153883367011251203
0516606    00048EUR2 4850351111105041225     LIBCMCIFRPAXXX
0516606    00048EUR2 4850351111105041225     MMOEUR200000000006000
0716606    00048EUR2 48503511111  041225                                                  0000000086761C
0116906    30023EUR2 87046633179  031225DUMAS JULIETTE                                    0000000122826H  233
0416906005230023EUR2E8704663317911041225  041225CARTE X8285 SNCF-VOYAGEURS PARI  0000000000000000002204}
0716906    30023EUR2 87046633179  041225                                                  0000000120622H