0116706    05059EUR2 54004705276  021225RBL                           RBL                 0000000086188C  197
0416706007505059EUR2E5400470527608021225  051225ASSU. CAAE PRET PROFESSION.12/2  0000000100000000000123P
0416706005205059EUR2E5400470527611031225  031225CARTE X8934 RELAIS PETITE FORET  0000000000000000000386}
0716706    05059EUR2 54004705276  031225                                                  0000000085678F
0117515RLV 00092EUR2 08000510455  021225L.I.V.IMMO                       COMPTE COURANT   0000000177695H        DATALYS
0417515RLV 00092EUR2E0800051045502031225  021225REMISE CHEQUES N  0004881        00048811 0000000043853{
0517515    00092EUR2 0800051045502031225     LIBREMIS LE 29/11/2025  TAVERNY
0417515RLV 00092EUR2E0800051045518031225  031225VIR INST OLIVIER HOCH            02549591 0000000003160{
0517515    00092EUR2 0800051045518031225     LIB2533722I40069530          25337M
0517515    00092EUR2 0800051045518031225     NPYOLIVIER HOCH
0517515    00092EUR2 0800051045518031225     NBETPC TRAVERT
0517515    00092EUR2 0800051045518031225     LCCACOMPTE DEVIS HOCH
0517515    00092EUR2 0800051045518031225     RCN032025337216683770000001
0517515    00092EUR2 0800051045518031225     REF                                   +KVIOP583780094700TE
0417515RLV 00092EUR2E0800051045505031225  031225VIR SEPA MME      GASCON ODETTE  93815721 0000000007250{
0517515    00092EUR2 0800051045505031225     LIBENTRETIEN CHAUDIERE ET CHANGEME
0517515    00092EUR2 0800051045505031225     NPYMME      GASCON ODETTE
0517515    00092EUR2 0800051045505031225     NBETRAVERT PLOMBERIE CHAUFFAGE
0517515    00092EUR2 0800051045505031225     LCCENTRETIEN CHAUDIERE ET CHANGEMENT VASE D EXPANSION NOV 2025
0517515    00092EUR2 0800051045505031225     RCNF 339112025 ET 340112025
0717515RLV 00092EUR2 08000510455  031225                                                  0000000231958H