0118079    44255EUR2 02863280452  011225SIVASOORIYALINGAM SIVALOGINI     COMPTE COURANT   0000000139719C0000
0718079    44255EUR2 02863280452  021225                                                  0000000139719C
0118079    44255EUR2 02378420485  011225SCP MBA                          COMPTE COURANT   0000000142644A0000
0718079    44255EUR2 02378420485  021225                                                  0000000142644A
0118079    44255EUR2 02378470404  011225BREIZH EXOTIK EPICERIE                            0000001036783B0000
0418079    44255EUR2E0237847040401021225  011225CHQ 2699822                      26998220 0000000002028}
0518079    44255EUR2 0237847040401021225     LIBD080052699822
0718079    44255EUR2 02378470404  021225                                                  0000001034755B
0116606    03011EUR2 00149459114  011225DUMAS JULIETTE                                    0000000036487I  133
0716606    03011EUR2 00149459114  021225        ------------------------------            0000000036487I
0116606    00043EUR2 84866330594  011225DUMAS JULIETTE                                    0000000090972L  231
0416606004400043EUR2E8486633059401021225  021225CHEQUE NO 9645556                9645556000000000015950}
0716606    00043EUR2 84866330594  021225                                                  0000000106922L
0116606    53350EUR2 70115111007  011225V2M AVENIR                       COMPTE COURANT   0000005773755H  231
0716606    53350EUR2 70115111007  021225        ------------------------------            0000005773755H
0118079    75337EUR2 02150880432  011225DE FI CO                                          0000001923971C0000
0718079    75337EUR2 02150880432  021225                                                  0000001923971C
0118079    44255EUR2 02378110471  011225CR OPTIQUE                       COMPTE COURANT   0000003962628A0000
0418079    44255EUR2E0237811047105021225  021225VIR M.       CAILL               00000001 0000000006562B
0518079    44255EUR2 0237811047105021225     NPYM.       CAILLE GREGORY
0518079    44255EUR2 0237811047105021225     RCNLOYER
0718079    44255EUR2 02378110471  021225                                                  0000003969190C