0111006    43100EUR2 24592314909  021225GHM                              COMPTE COURANT   0000000291539B  232
0411006002643100EUR2E2459231490906031225  011225WEB S.C.E.A. SCEA JARDIN BIO     0000000100000000021539K
0511006    43100EUR2 2459231490906031225     NPYS.C.E.A. SCEA JARDIN BIO DU BOIS RAM EAU
0511006    43100EUR2 2459231490906031225     NBES.C.E.A. SCEA JARDIN BIO DU BOIS RAM EAU
0511006    43100EUR2 2459231490906031225     LIBAGRIFRPP810
0511006    43100EUR2 2459231490906031225     MMOEUR200000000215392
0511006    43100EUR2 2459231490906031225     CBEFR7611006431005215169146352
0711006    43100EUR2 24592314909  031225                                                  0000000270000{
0118706    00000EUR2 97539269449  021225AUTO STORY                       COMPTE COURANT   0000000056492I  232
0418706000000000EUR2E9753926944905031225  031225VIR VYV3 BOURGOGNE GEOD OPTIQUE  0000000100000000002266H
0518706    00000EUR2 9753926944905031225     NPYVYV3 BOURGOGNE
0518706    00000EUR2 9753926944905031225     NBEGEOD OPTIQUE
0518706    00000EUR2 9753926944905031225     LCCVYV 3 BOURGOGNE
0518706    00000EUR2 9753926944905031225     RCNGEOD OPTIQUE/LEVE PAUPIERE/10-2025
0518706    00000EUR2 9753926944905031225     LIBCMCIFR2AXXX
0518706    00000EUR2 9753926944905031225     MMOEUR200000000022668
0718706    00000EUR2 97539269449  031225                                                  0000000058759G
0118706    00000EUR2 97547520124  021225CAUVALEX MANUTENTION             COMPTE COURANT   0000000020018O  232
0418706007500000EUR2E9754752012408021225  051225ASSU. CAAE PRET PROFESSION.12/2  0000000100000000000006K
0718706    00000EUR2 97547520124  031225                                                  0000000020024Q
0111006    43100EUR2 52151693641  021225MENILLET COURTAGE                COMPTE COURANT   0000000052172{  232
0411006005043100EUR2E52151693641B1031225  031225AVEM                             0000000000000000000186}
0511006    43100EUR2 52151693641B1031225     NBEAVEM
0511006    43100EUR2 52151693641B1031225     IBEFR73ZZZ395135                      SEPA
0511006    43100EUR2 52151693641B1031225     NPYJARDIN BIO DU BOIS RAM EAU
0511006    43100EUR2 52151693641B1031225     REF303533705                          20251201-O1201/R
0511006    43100EUR2 52151693641B1031225     RCN                                   OTHR
0511006    43100EUR2 52151693641B1031225     LCC/INV/NM LOC-11678583 1.11.2025/R/
0511006    43100EUR2 52151693641B1031225     RUM1000-000001016949                  RCUR
0511006    43100EUR2 52151693641B1031225     CPYFR7611006431005215169146352
0411006005043100EUR2E5215169364108021225  051225ASSU. CAAE PRET PROFESSION.12/2  0000000100000000000607M
0411006002643100EUR2E52151693641C1031225  031225VIR INST VERS BERENGERE MILLOT   0000000000000000010000}
0511006    43100EUR2 52151693641C1031225     NPYS.C.E.A. SCEA JARDIN BIO DU BOIS RAM EAU
0511006    43100EUR2 52151693641C1031225     NBEBERENGERE MILLOT BOURDON
0511006    43100EUR2 52151693641C1031225     REF                                   F956D422492F48F68C2BE87E33F2573A
0511006    43100EUR2 52151693641C1031225     CBEFR7612135003000445772088228
0411006002643100EUR2E52151693641C1031225  031225VIR INST VERS PASCALE MOY        0000000000000000012611M
0511006    43100EUR2 52151693641C1031225     NPYS.C.E.A. SCEA JARDIN BIO DU BOIS RAM EAU
0511006    43100EUR2 52151693641C1031225     NBEPASCALE MOY
0511006    43100EUR2 52151693641C1031225     LCCFERMAGE 2025
0511006    43100EUR2 52151693641C1031225     REF                                   DB11EFC127314B9299BBD02D6AE099F9
0511006    43100EUR2 52151693641C1031225     CBEFR7630003007560005008445578
0411006002643100EUR2E52151693641C1031225  031225VIR INST VERS PASCALE MOY        0000000000000000000730}
0511006    43100EUR2 52151693641C1031225     NPYS.C.E.A. SCEA JARDIN BIO DU BOIS RAM EAU
0511006    43100EUR2 52151693641C1031225     NBEPASCALE MOY
0511006    43100EUR2 52151693641C1031225     RCNCOMPLEMENT FERMAGE 2025
0511006    43100EUR2 52151693641C1031225     REF                                   BD1B8E3E94E140FABCDA9AC61E959B2C
0511006    43100EUR2 52151693641C1031225     CBEFR7630003007560005008445578
0411006002643100EUR2E52151693641C1031225  031225VIR INST VERS LAROCHE CLAIRE     0000000000000000013623M
0511006    43100EUR2 52151693641C1031225     NPYS.C.E.A. SCEA JARDIN BIO DU BOIS RAM EAU
0511006    43100EUR2 52151693641C1031225     NBELAROCHE CLAIRE
0511006    43100EUR2 52151693641C1031225     RCNFERMAGE 2025
0511006    43100EUR2 52151693641C1031225     REF                                   F4CAF3D8368F4D509EA011FA8E73E4E8
0511006    43100EUR2 52151693641C1031225     CBEFR7630004018930000510804408
0411006002643100EUR2E52151693641C1031225  031225VIR INST VERS MME SYLVIE MONNIE  0000000000000000003270L
0511006    43100EUR2 52151693641C1031225     NPYS.C.E.A. SCEA JARDIN BIO DU BOIS RAM EAU
0511006    43100EUR2 52151693641C1031225     NBEMME SYLVIE MONNIER
0511006    43100EUR2 52151693641C1031225     RCNFERMAGE 2025
0511006    43100EUR2 52151693641C1031225     REF                                   CF584670CBB94B5196CE99BDDF18273C
0511006    43100EUR2 52151693641C1031225     CBEFR7612135003000402115611732
0411006000043100EUR2E5215169364105031225  031225DE S.C.E.A. SCEA JARDIN BIO DU   0000000100000000021539B
0511006    43100EUR2 5215169364105031225     NPYS.C.E.A. SCEA JARDIN BIO DU BOIS RAM EAU
0511006    43100EUR2 5215169364105031225     NBES.C.E.A. SCEA JARDIN BIO DU BOIS RAM EAU
0511006    43100EUR2 5215169364105031225     LIBAGRIFRPP810
0511006    43100EUR2 5215169364105031225     MMOEUR200000000215392
0511006    43100EUR2 5215169364105031225     CBEFR7611006431005215169146352
0411006002643100EUR2E5215169364106031225  031225WEB SAFER BOURGOGNE FRAN FERMAG  0000000000000000017220}
0511006    43100EUR2 5215169364106031225     NPYS.C.E.A. SCEA JARDIN BIO DU BOIS RAM EAU
0511006    43100EUR2 5215169364106031225     NBESAFER BOURGOGNE FRANCHE-COMTE
0511006    43100EUR2 5215169364106031225     RCNFERMAGE 2025
0511006    43100EUR2 5215169364106031225     LIBAGRIFRPP810
0511006    43100EUR2 5215169364106031225     MMOEUR200000000172200
0511006    43100EUR2 5215169364106031225     CBEFR7611006210520028250200193
0711006    43100EUR2 52151693641  031225                                                  0000000015462G
0118706    00000EUR2 00032840693  021225AUTO MOTO ECOLE TINQUEUX         COMPTE COURANT   0000000321026A  232
0418706007500000EUR2E0003284069308021225  051225ASSU. CAAE PRET PROFESSION.12/2  0000000100000000000812R
0418706000000000EUR2E0003284069305031225  031225VIR EDUPARTNERS F255492          0000000100000000012828{
0518706    00000EUR2 0003284069305031225     NPYEDUPARTNERS
0518706    00000EUR2 0003284069305031225     NBEDOMISA
0518706    00000EUR2 0003284069305031225     LCCRVT2025 COMMUNICATION DOMISA
0518706    00000EUR2 0003284069305031225     RCNF255492
0518706    00000EUR2 0003284069305031225     LIBSOGEFRPP
0518706    00000EUR2 0003284069305031225     MMOEUR200000000128280
0418706005200000EUR2E0003284069311031225  031225CARTE X6618 PAYSDESENVELOPPE RO  0000000000000000000651P
0418706000000000EUR2E0003284069305031225  031225VIR FRENCH BEAUTY CORPORATION V  0000000100000000002040{
0518706    00000EUR2 0003284069305031225     NPYFRENCH BEAUTY CORPORATION
0518706    00000EUR2 0003284069305031225     NBEDOMISA GRAPHIQUE
0518706    00000EUR2 0003284069305031225     LCCFACTURE 255617
0518706    00000EUR2 0003284069305031225     RCNVG53371QJ8QAQZ01
0518706    00000EUR2 0003284069305031225     LIBCMCIFRPPXXX
0518706    00000EUR2 0003284069305031225     MMOEUR200000000020400
0418706000000000EUR2E00032840693C2031225  031225VIR INST DE LUCILE BIENVENU      0000000100000000000700{
0518706    00000EUR2 00032840693C2031225     NPYLUCILE BIENVENU
0518706    00000EUR2 00032840693C2031225     NBEDOMISA GRAPHIQUE
0518706    00000EUR2 00032840693C2031225     LCCSOLDE FACTURE 255611
0518706    00000EUR2 00032840693C2031225     REF5C000000964F690006000000404D5347   71E5E1603D4745BFAB140C9FE3B3D671
0518706    00000EUR2 00032840693C2031225     CBEFR7618706000000003284396018
0418706000000000EUR2E0003284069305031225  031225PMT FACTURE 255618 - PECHEURS M  0000000100000000001500{
0518706    00000EUR2 0003284069305031225     NPYM.OU MME DOMINIQUE BIENVENU
0518706    00000EUR2 0003284069305031225     NBESAS DOMISA GRAPHIQUE
0518706    00000EUR2 0003284069305031225     RCNPMT FACTURE 255618 - PECHEURS
0518706    00000EUR2 0003284069305031225     LIBAGRIFRPP887
0518706    00000EUR2 0003284069305031225     MMOEUR200000000015000
0518706    00000EUR2 0003284069305031225     CBEFR7618706000000003284396018
0718706    00000EUR2 00032840693  031225                                                  0000000336629E
0118706    00000EUR2 72203315574  021225LE MARTELOT BRUNO                                 0000000088939{  232
0718706    00000EUR2 72203315574  031225        ------------------------------            0000000088939{
0113807    00582EUR2 32721049459  021225BC2L IMMOBILIER                  COMPTE COURANT   0000000110086P
0713807    00582EUR2 32721049459  031225                                                  0000000110086P