0130004    00171EUR2 00010094005  011225LA PAUSE S'IMPOSE                COMPTE COURANT   0000000112479D
0430004052900171EUR2 0001009400521011225  011225/MOTIF VFC - LOYER PARKING DECE         0 0000000000800}
0530004    00171EUR2 0001009400521011225     NBESEING JULIE
0530004    00171EUR2 0001009400521011225     LCCVFC - LOYER PARKING DECEMBRE 2025
0430004052900171EUR2 0001009400521011225  011225/MOTIF VFC - LOYER PARKING DECE         0 0000000000900}
0530004    00171EUR2 0001009400521011225     NBEJEAN-PIERRE VOGELSINGER-BRANDWEIN
0530004    00171EUR2 0001009400521011225     LCCVFC - LOYER PARKING DECEMBRE 2025
0430004052900171EUR2 0001009400521011225  011225/MOTIF VFC - LOYER PARKING DECE         0 0000000001000}
0530004    00171EUR2 0001009400521011225     NBEVERMEIRE YANNICK
0530004    00171EUR2 0001009400521011225     LCCVFC - LOYER PARKING DECEMBRE 2025
0430004052900171EUR2 0001009400521021225  021225/MOTIF VFC - QUITTANCE 202476 T         0 0000000003840}
0530004    00171EUR2 0001009400521021225     LCCVFC - QUITTANCE 202476 TC 2026 PERIODE ASSUREE 01-01-2026 AU 31-12-202
0530004    00171EUR2 0001009400521021225     LC26
0430004052900171EUR2 0001009400521021225  021225/MOTIF VFC - SALAIRE DE NOVEMBR         0 0000000017063}
0530004    00171EUR2 0001009400521021225     NBEMARTIAL STEPHANE THOUROUDE
0530004    00171EUR2 0001009400521021225     LCCVFC - SALAIRE DE NOVEMBRE 2025
0430004620100171EUR2 0001009400564021225  101225FACTURE NUMERO 2025120113133984  00000001 0000000000428}3
0730004    00171EUR2 00010094005  021225                                                  0000000088448D
0130004    02036EUR2 00010181320  011225SCI MID PASSEL                   COMPTE COURANT   0000000422312N
0430004052902036EUR2 0001018132021021225  021225REMISE 0000003VIRTS REF -        -      0 0000000001414PREGLT 03122025
0530004    02036EUR2 0001018132021021225     REF-
0430004620102036EUR2 0001018132064021225  101225FACTURE NUMERO 2025120113185204  00000001 0000000000668Q1
0730004    02036EUR2 00010181320  021225                                                  0000000424396}
0130003    00380EUR2 00050929825  011225SCI DC                           COMPTE COURANT   0000000048137{
0430003661000380EUR2 000509298252802122500021225CARTE X3990 01/12 MICROSOFT G12  00010000 0000000000070O
0530003    00380EUR2 0005092982528021225     LIBCOMMERCE ELECTRONIQUE
0530003    00380EUR2 0005092982528021225     LIB110533600533471IOPD
0730003    00380EUR2 00050929825  021225                                                  0000000048066D
0118206    00377EUR2 65086158880  011225RENAUD MARYVONNE                                  0000000026811B  231
0418206000000377EUR2E6508615888005021225  021225VIR CPAM DU VAL D OISE 00000095  0251201100000000000880F
0518206    00377EUR2 6508615888005021225     NPYCPAM DU VAL D OISE
0518206    00377EUR2 6508615888005021225     NBEKAREN JULIARD
0518206    00377EUR2 6508615888005021225     LCC0000009570277333328500251201
0518206    00377EUR2 6508615888005021225     RCN0000009570277333328500251201
0518206    00377EUR2 6508615888005021225     LIBBREDFRPPXXX
0518206    00377EUR2 6508615888005021225     MMOEUR200000000008806
0718206    00377EUR2 65086158880  021225                                                  0000000027691H
0130004    00171EUR2 00010042687  011225CLUB SMOKI                       COMPTE COURANT   0000000303086B
0430004056800171EUR2 0001004268718021225  021225CPAM 93                          0000000  0000000000300{0000009510016503
0530004    00171EUR2 0001004268718021225     NPYCPAM 93
0530004    00171EUR2 0001004268718021225     IPY0                                  BICORBEI
0530004    00171EUR2 0001004268718021225     LCC0000009510016503321393251201
0530004    00171EUR2 0001004268718021225     RCN0000009510016503321393251201       PENS
0530004    00171EUR2 0001004268718021225     PDOFR FRANCE
0430004056800171EUR2 0001004268718021225  021225C.P.A.M. DEUX SEVRES             0000000  0000000000300{0000009510016503
0530004    00171EUR2 0001004268718021225     NPYC.P.A.M. DEUX SEVRES
0530004    00171EUR2 0001004268718021225     IPY0                                  BICORBEI
0530004    00171EUR2 0001004268718021225     LCC0000009510016503321599251201
0530004    00171EUR2 0001004268718021225     RCN0000009510016503321599251201
0530004    00171EUR2 0001004268718021225     PDOFR FRANCE
0430004056800171EUR2 0001004268718021225  021225CPAM DU VAL D OISE               0000000  0000000001510{0000009510016503
0530004    00171EUR2 0001004268718021225     NPYCPAM DU VAL D OISE
0530004    00171EUR2 0001004268718021225     IPY0                                  BICORBEI
0530004    00171EUR2 0001004268718021225     LCC0000009510016503328500251201
0530004    00171EUR2 0001004268718021225     RCN0000009510016503328500251201       PENS
0530004    00171EUR2 0001004268718021225     PDOFR FRANCE
0430004009900171EUR2 0001004268730021225  0212250212 N.52307 DE 95ANDILLY        252307   0000000001550{   N.COM.4712781
0530004    00171EUR2 0001004268730021225     LIB0212 N.52307 DE 95ANDILLY N.COM.4712781013
0430004009900171EUR2 0001004268730021225  0212250212 N.68417 DE 95ANDILLY        168417   0000000005750{   N.COM.4712782
0530004    00171EUR2 0001004268730021225     LIB0212 N.68417 DE 95ANDILLY N.COM.4712782010
0430004620100171EUR2 0001004268764021225  101225FACTURE NUMERO 2025120113133977  00000001 0000000000333}6
0730004    00171EUR2 00010042687  021225                                                  0000000312163B
0130003    03705EUR2 00120752340  011225NEXTTICK                         COMPTE COURANT   0000000117280N
0430003073003705EUR2 00120752340300212250003122502/12 R01737 CT3627249001        00017370 0000000000766AREMISE CB /
0530003    03705EUR2 0012075234030021225     LIBBT        77 00E COM     0 39E
0430003073003705EUR2 00120752340300212250003122502/12 R07102 CT3627249801        00071020 0000000000261BREMISE CB /
0530003    03705EUR2 0012075234030021225     LIBBT        26 25E COM     0 13E
0430003063003705EUR2 001207523406102122500301125INT DEBITEURS ET CION DECOUVERT  00000001 0000000001243R
0530003    03705EUR2 0012075234061021225     LIBAU 30/11/25
0530003    03705EUR2 0012075234061021225     LIB-INT DEBITEURS  EUR      109 88
0530003    03705EUR2 0012075234061021225     LIB-CION DECOUVERT EUR       14 51
0530003    03705EUR2 0012075234061021225     LIBTAUX CONVENTIONNEL A LA DATE
0430003432003705EUR2 00120752340B102122500021225PLV F12625732RESEAU FLEURI       09133630 0000000000520}6200913363
0530003    03705EUR2 00120752340B1021225     NBERESEAU FLEURI
0530003    03705EUR2 00120752340B1021225     IBEFR63ZZZ403851
0530003    03705EUR2 00120752340B1021225     LCCPLV F12625732 23/11 A 95001
0530003    03705EUR2 00120752340B1021225     RCN165397822
0730003    03705EUR2 00120752340  021225                                                  0000000118017J
0130004    00890EUR2 00010023753  011225MAITRE FRENKIAN VIRGINIE         COMPTE COURANT   0000000390565H
0730004    00890EUR2 00010023753  021225                                                  0000000390565H
0130003    00352EUR2 00026205700  011225SCI YOL                          COMPTE COURANT   0000000104048C
0430003432000352EUR2 00026205700B102122500021225TESLA FRANCE TESLA FRANCE SARL   59126620 0000000000099R6205912662
0530003    00352EUR2 00026205700B1021225     NBETESLA FRANCE SARL
0530003    00352EUR2 00026205700B1021225     IBENL48ZZZ342764500000
0530003    00352EUR2 00026205700B1021225     LCCTESLA FRANCE SARL SBSEVAI6QC9FKICLR 20251201
0530003    00352EUR2 00026205700B1021225     RCNL3XCDK9RLZBW6MG6
0530003    00352EUR2 00026205700B1021225     RUMS5DX7DBG99VMQPB2
0430003432000352EUR2 00026205700B102122500021225TESLA INC. CSTESLA INC.          76444100 0000000000152M6207644410
0530003    00352EUR2 00026205700B1021225     NBETESLA INC.
0530003    00352EUR2 00026205700B1021225     IBENL48ZZZ342764500000
0530003    00352EUR2 00026205700B1021225     LCCTESLA INC. CSPMT60IGKS-1764509510
0530003    00352EUR2 00026205700B1021225     RCNVGL98NX7WPDVV3G6
0530003    00352EUR2 00026205700B1021225     RUMS5DX7DBG99VMQPB2
0730003    00352EUR2 00026205700  021225                                                  0000000103796{
0130003    03705EUR2 00020200829  011225TECHNIQUES ET NORMES DE COUVERT  COMPTE COURANT   0000000142598G
0730003    03705EUR2 00020200829  021225                                                  0000000142598G
0130004    00170EUR2 00010025126  011225SCI EMPREINTES                   COMPTE COURANT   0000000791055I
0430004000100170EUR2 0001002512601021225  011225CHEQUE N.3533492                 35334920 0000000002779Q
0430004000100170EUR2 0001002512601021225  011225CHEQUE N.3533493                 35334930 0000000008749J
0430004620100170EUR2 0001002512664021225  101225FACTURE NUMERO 2025120113133949  00000001 0000000000483}2
0730004    00170EUR2 00010025126  021225                                                  0000000779044{
0118206    00105EUR2 65005236294  011225MADIO                                             0000000015578B  231
0718206    00105EUR2 65005236294  021225        ------------------------------            0000000015578B
0130004    00171EUR2 00010085656  011225** PAS DE MOUVEMENT CE JOUR **                    0000000442235B
0430004056800171EUR2 0001008565618021225  021225MGEN                             0000000  0000000000300{0000009510040013
0530004    00171EUR2 0001008565618021225     NPYMGEN
0530004    00171EUR2 0001008565618021225     IPY0                                  BICORBEI
0530004    00171EUR2 0001008565618021225     LCC0000009510040013296511251126
0530004    00171EUR2 0001008565618021225     RCN0000009510040013296511251126
0530004    00171EUR2 0001008565618021225     PDOFR FRANCE
0430004009900171EUR2 0001008565630021225  0212250212 N.37234 DE 95SOISY SOUS MO  137234   0000000004250{   N.COM.4409154
0530004    00171EUR2 0001008565630021225     LIB N.COM.4409154012
0430004620100171EUR2 0001008565664021225  101225FACTURE NUMERO 2025120113133982  00000001 0000000000410}4
0730004    00171EUR2 00010085656  021225                                                  0000000446375B
0130004    00139EUR2 00006258305  011225SC CAE                           COMPTE COURANT   0000000180861E
0430004052900139EUR2 0000625830521021225  021225AV/FETE DE NOEL                  -      0 0000000003000}AV/FETE DE NOEL
0530004    00139EUR2 0000625830521021225     NPYFRATERNITE ST JEAN JEUNES
0530004    00139EUR2 0000625830521021225     NBEGNAMIEN FELICITE
0530004    00139EUR2 0000625830521021225     RCNAV/FETE DE NOEL
0530004    00139EUR2 0000625830521021225     REF-
0530004    00139EUR2 0000625830521021225     CBEFR2820041010126989412C03313
0430004052900139EUR2 0000625830521021225  02122520222554                         -      0 0000000008910}20222554
0530004    00139EUR2 0000625830521021225     NPYFRATERNITE ST JEAN JEUNES
0530004    00139EUR2 0000625830521021225     NBESASU AUTOCARS DE FRANCE
0530004    00139EUR2 0000625830521021225     LCC20222554
0530004    00139EUR2 0000625830521021225     RCN20222554
0530004    00139EUR2 0000625830521021225     REF-                                  -
0530004    00139EUR2 0000625830521021225     CBEFR7642559100000802759015932
0430004620100139EUR2 0000625830564021225  101225FACTURE NUMERO 2025120113132948  00000001 0000000000004M1
0730004    00139EUR2 00006258305  021225                                                  0000000168947A
0130004    00171EUR2 00010035422  011225SCI FABRICE                      COMPTE COURANT   0000000035896G
0430004009900171EUR2 0001003542230011225  0212250112 N.05755 DE 95SOISY SOUS MO  105755   0000000000783F   N.COM.4786189
0530004    00171EUR2 0001003542230011225     LIB N.COM.4786189013
0430004009900171EUR2 0001003542230011225  0212250112 N.09778 DE 95SOISY SOUS MO  209778   0000000003350{   N.COM.4837818
0530004    00171EUR2 0001003542230011225     LIB N.COM.4837818010
0430004056800171EUR2 0001003542218021225  021225CPR                              0000000  0000000000300{MJ252241857
0530004    00171EUR2 0001003542218021225     NPYCAISSE PREVOYANCE ET RETRAITE PERS FERRO
0530004    00171EUR2 0001003542218021225     NPOCPR
0530004    00171EUR2 0001003542218021225     LCCCP MANDAT 20251126 95111586
0530004    00171EUR2 0001003542218021225     RCNMJ252241857
0530004    00171EUR2 0001003542218021225     PDOFR FRANCE
0430004056800171EUR2 0001003542218021225  021225CAMIEG                           0000000  0000000000400{0000009511158643
0530004    00171EUR2 0001003542218021225     NPYCAMIEG
0530004    00171EUR2 0001003542218021225     IPY0                                  BICORBEI
0530004    00171EUR2 0001003542218021225     LCC0000009511158643320021251201
0530004    00171EUR2 0001003542218021225     RCN0000009511158643320021251201       PENS
0530004    00171EUR2 0001003542218021225     PDOFR FRANCE
0430004056800171EUR2 0001003542218021225  021225DOCTOLIB                         0000000  0000000002325{
0530004    00171EUR2 0001003542218021225     NPYDOCTOLIB
0530004    00171EUR2 0001003542218021225     LCCEXT BAL SWEEP SWPE42B3W223GTMV5NHZTSBBCZ5HW2
0530004    00171EUR2 0001003542218021225     RCNNOTPROVIDED
0530004    00171EUR2 0001003542218021225     PDONL PAYS-BAS
0430004056800171EUR2 0001003542218021225  021225CPAM DU VAL D OISE               0000000  0000000003910{0000009511158643
0530004    00171EUR2 0001003542218021225     NPYCPAM DU VAL D OISE
0530004    00171EUR2 0001003542218021225     IPY0                                  BICORBEI
0530004    00171EUR2 0001003542218021225     LCC0000009511158643328500251201
0530004    00171EUR2 0001003542218021225     RCN0000009511158643328500251201       PENS
0530004    00171EUR2 0001003542218021225     PDOFR FRANCE
0430004620100171EUR2 0001003542264021225  101225FACTURE NUMERO 2025120113133976  00000001 0000000000320}0
0730004    00171EUR2 00010035422  021225                                                  0000000046645C
0130004    00921EUR2 00023069680  011225L'EPICURIEN                      COMPTE COURANT   0000000136957B
0730004    00921EUR2 00023069680  021225                                                  0000000136957B
0130004    02036EUR2 00010184310  011225SCI DU HANGAR                    COMPTE COURANT   0000001014941M
0430004081302036EUR2 00010184310B1021225  021225PRLV SEPA/PAYPAL EUROPE S.A.R.L         0 0000000000103KLU96ZZZ000000000
0530004    02036EUR2 00010184310B1021225     NBEPAYPAL EUROPE S.A.R.L. ET CIE S.C.A
0530004    02036EUR2 00010184310B1021225     IBELU96ZZZ0000000000000000058
0530004    02036EUR2 00010184310B1021225     LCC1046515648695/PAYPAL
0530004    02036EUR2 00010184310B1021225     RCN1046515648695
0530004    02036EUR2 00010184310B1021225     RUM48Z2224TR76V2                      RCUR
0430004081302036EUR2 00010184310B1021225  021225PRLV SEPA/PAYPAL EUROPE S.A.R.L         0 0000000000457KLU96ZZZ000000000
0530004    02036EUR2 00010184310B1021225     NBEPAYPAL EUROPE S.A.R.L. ET CIE S.C.A
0530004    02036EUR2 00010184310B1021225     IBELU96ZZZ0000000000000000058
0530004    02036EUR2 00010184310B1021225     LCC1046548919186/PAYPAL
0530004    02036EUR2 00010184310B1021225     RCN1046548919186
0530004    02036EUR2 00010184310B1021225     RUM48Z2224TR76V2                      RCUR
0430004081302036EUR2 00010184310B1021225  021225PRLV SEPA/PAYPAL EUROPE S.A.R.L         0 0000000002089KLU96ZZZ000000000
0530004    02036EUR2 00010184310B1021225     NBEPAYPAL EUROPE S.A.R.L. ET CIE S.C.A
0530004    02036EUR2 00010184310B1021225     IBELU96ZZZ0000000000000000058
0530004    02036EUR2 00010184310B1021225     LCC1046515109120/PAYPAL
0530004    02036EUR2 00010184310B1021225     RCN1046515109120
0530004    02036EUR2 00010184310B1021225     RUM48Z2224TR76V2                      RCUR
0430004620102036EUR2 0001018431064021225  101225FACTURE NUMERO 2025120113185204  00000001 0000000007297}0
0730004    02036EUR2 00010184310  021225                                                  0000001024888}
0130004    00292EUR2 00010101994  011225SCI DU HANGAR                    COMPTE COURANT   0000002625784C
0430004620100292EUR2 0001010199464021225  101225FACTURE NUMERO 2025120113139042  00000001 0000000000520}9
0730004    00292EUR2 00010101994  021225                                                  0000002625264C
0130004    00993EUR2 00001438802  011225TREXSO                           COMPTE COURANT   0000000009726B
0730004    00993EUR2 00001438802  021225                                                  0000000009726B
0130004    00297EUR2 00010004213  011225EI SALON INES D                  COMPTE COURANT   0000000337397A
0430004620100297EUR2 0001000421364021225  101225FACTURE NUMERO 2025120113139215  00000001 0000000000296Q6
0730004    00297EUR2 00010004213  021225                                                  0000000337100C
0130004    02036EUR2 00010185240  011225PHARMACIE DE L ALISIER           COMPTE COURANT   0000000027984A
0730004    02036EUR2 00010185240  021225                                                  0000000027984A
0130004    01528EUR2 00010074636  011225SARL PROXI SHOP                  COMPTE COURANT   0000000402278H
0430004008301528EUR2 0001007463628021225  021225DU 011225 DISCOVERCARS*CO CARTE  00000000 0000000006696N 4974XXXXXXXX584
0530004    01528EUR2 0001007463628021225     LIB8 LVA 669 65EUR
0430004620101528EUR2 0001007463664021225  101225FACTURE NUMERO 2025120113177213  00000001 0000000000503}1
0730004    01528EUR2 00010074636  021225                                                  0000000395079C
0130004    02036EUR2 00010056855  011225ATELIER 467                      COMPTE COURANT   0000000000000{
0730004    02036EUR2 00010056855  021225                                                  0000000000000{
0130004    00993EUR2 00001435812  011225SC DIOT INVEST                   COMPTE COURANT   0000000050701{
0430004052900993EUR2 0000143581221021225  021225REMISE 0000002VIRTS REF -        -      0 0000000007359OREGLT 03122025
0530004    00993EUR2 0000143581221021225     REF-
0430004620100993EUR2 0000143581264021225  101225FACTURE NUMERO 2025120113168318  00000001 0000000000011}5
0730004    00993EUR2 00001435812  021225                                                  0000000043330D
0118106    00011EUR2 96754418284  011225CAPCARRERE                       COMPTE COURANT   0000000022265H  231
0418106007800011EUR2E9675441828462301125  021225FACTURE CR DIT AGRICOLE 2025-11  0000000100000000000180}
0418106002600011EUR2E9675441828406021225  021225WEB LASZLO BUHA                  0000000000000000005000}
0518106    00011EUR2 9675441828406021225     NPYS.A.R.L. BUHA BAT
0518106    00011EUR2 9675441828406021225     NBELASZLO BUHA
0518106    00011EUR2 9675441828406021225     LIBAGRIFRPP881
0518106    00011EUR2 9675441828406021225     MMOEUR200000000050000
0518106    00011EUR2 9675441828406021225     CBEFR7618106000119675247449167
0718106    00011EUR2 96754418284  021225                                                  0000000017085H
0118206    00105EUR2 65011268015  011225EURL PRARELO                     COMPTE COURANT   0000000370801D  231
0718206    00105EUR2 65011268015  021225        ------------------------------            0000000370801D
0130056    00811EUR2 08110094606  011225LA PAUSE S'IMPOSE                COMPTE COURANT   0000003357522E
043005600V300811EUR2 0811009460605021225  021225VIREMENT SEPA RECU    YCI2 0201  02020170 0000000049728{
0530056    00811EUR2 0811009460605021225     NPY2JDL
0530056    00811EUR2 0811009460605021225     LCCVIR 2JDL - FACTURES 2025/23913 2025-23891 2025-23900,2025-23899
0530056    00811EUR2 0811009460605021225     RCNREL.011289
0730056    00811EUR2 08110094606  021225                                                  0000003407250E
0130003    01652EUR2 00027007102  011225SCI GJMF 2                    SCI GJMF 2          0000001014024{
0730003    01652EUR2 00027007102  021225                                                  0000001014024{
0130003    03700EUR2 00020040164  011225SAVANE & MOUSSON STREET FOOD     COMPTE COURANT   0000002525404B
0430003219003700EUR2 000200401641802122500021225SCIC DHLM DE SCIC D'HLM DE LA B  00000000 0000000029190E6298389764S
0530003    03700EUR2 0002004016418021225     NPYSCIC D'HLM DE LA BOUCLE DE LA SE
0530003    03700EUR2 0002004016418021225     LCCSCIC DHLM DE LA BOUCLE D... - MESANGES FN 25 08 274 ACOMPTES 6 A 8
0430003219003700EUR2 000200401641802122500021225SCIC DHLM DE SCIC D'HLM DE LA B  00000000 0000000019829C6298389808S
0530003    03700EUR2 0002004016418021225     NPYSCIC D'HLM DE LA BOUCLE DE LA SE
0530003    03700EUR2 0002004016418021225     LCCSCIC DHLM DE LA BOUCLE D... - MESANGES FN 25 10 275 ACOMPTES 9 ET 10
0730003    03700EUR2 00020040164  021225                                                  0000002574424{
0130003    03708EUR2 00020781516  011225EI SALON INES D                  COMPTE COURANT   0000000000919I
0730003    03708EUR2 00020781516  021225                                                  0000000000919I
0130003    01652EUR2 00020660699  011225SCI FABRICE                      COMPTE COURANT   0000000029463L
0430003063001652EUR2 000206606996102122500301125INT DEBITEURS ET CION DECOUVERT  00000001 0000000000273K
0530003    01652EUR2 0002066069961021225     LIBAU 30/11/25
0530003    01652EUR2 0002066069961021225     LIB-INT DEBITEURS  EUR       23 92
0530003    01652EUR2 0002066069961021225     LIB-CION DECOUVERT EUR        3 40
0530003    01652EUR2 0002066069961021225     LIBTAUX CONVENTIONNEL A LA DATE
0730003    01652EUR2 00020660699  021225                                                  0000000029736N
0130003    03705EUR2 00020759266  011225PAGE STEPHIE DOMINIQUE           COMPTE COURANT   0000001071700I
0730003    03705EUR2 00020759266  021225                                                  0000001071700I
0130003    03705EUR2 00020754706  011225LE KIOSQUE                       COMPTE COURANT   0000002590986B
0430003501003705EUR2 00020754706C202122500021225VIREMENT DE JJEAN-MICHEL CONSTA  83245080 0000000001916D583678324508
0530003    03705EUR2 00020754706C2021225     NPYJEAN-MICHEL CONSTANTINO
0530003    03705EUR2 00020754706C2021225     LCCVIREMENT DE JEAN-MICHEL CONSTANTINO
0430003073003705EUR2 00020754706300212250002122502/12 R95701 CT3624200001        00957010 0000000023204CREMISE CB /
0530003    03705EUR2 0002075470630021225     LIBBT      2328 20E COM     7 77E
0430003500003705EUR2 00020754706C102122500021225000001 VIR INSTANTANE EMIS NET   91459710 0000000003000}583679145971
0530003    03705EUR2 00020754706C1021225     NBEWEBMASTER 33                        02 12 SG 04053 CPT 00020225324
0530003    03705EUR2 00020754706C1021225     REF032025336210195430000000
0530003    03705EUR2 00020754706C1021225     RCNFCT 2025-377 CAR COVER
0530003    03705EUR2 00020754706C1021225     LCCFCT 2025-377 CAR COVER
0530003    03705EUR2 00020754706C1021225     BDBSOGEFRPPXXX
0430003500003705EUR2 00020754706C102122500021225000001 VIR INSTANTANE EMIS NET   91477180 0000000003000}583679147718
0530003    03705EUR2 00020754706C1021225     NBEWEBMASTER 33                        02 12 SG 04053 CPT 00020225324
0530003    03705EUR2 00020754706C1021225     REF032025336210209420000000
0530003    03705EUR2 00020754706C1021225     RCNFCT 2024-406 CAR COVER
0530003    03705EUR2 00020754706C1021225     LCCFCT 2024-406 CAR COVER
0530003    03705EUR2 00020754706C1021225     BDBSOGEFRPPXXX
0430003500003705EUR2 00020754706C102122500021225000001 VIR INSTANTANE EMIS NET   91603960 0000000003551J583679160396
0530003    03705EUR2 00020754706C1021225     NBESMCARDRESS                          02 12 BQ BBVA CPT 0203593550
0530003    03705EUR2 00020754706C1021225     REF032025336210291590000000
0530003    03705EUR2 00020754706C1021225     RCNFCT F2025-964 CAR COVER
0530003    03705EUR2 00020754706C1021225     LCCFCT F2025-964 CAR COVER
0530003    03705EUR2 00020754706C1021225     BDBBBVAESMMXXX
0430003500003705EUR2 00020754706C102122500021225000001 VIR INSTANTANE EMIS NET   91516030 0000000003818R583679151603
0530003    03705EUR2 00020754706C1021225     NBEEDITIONS LVA SA                     02 12 BQ CMCI CPT 00016718803
0530003    03705EUR2 00020754706C1021225     REF032025336210233520000000
0530003    03705EUR2 00020754706C1021225     RCNFCT JG25100326 CAR COVER 534303
0530003    03705EUR2 00020754706C1021225     LCCFCT JG25100326 CAR COVER 534303
0530003    03705EUR2 00020754706C1021225     BDBCMCIFRPPXXX
0430003500003705EUR2 00020754706C102122500021225000001 VIR INSTANTANE EMIS NET   91550530 0000000006812L583679155053
0530003    03705EUR2 00020754706C1021225     NBESMCARDRESS                          02 12 BQ BBVA CPT 0203593550
0530003    03705EUR2 00020754706C1021225     REF032025336210255790000000
0530003    03705EUR2 00020754706C1021225     RCNFCT F2025-986 CAR COVE
0530003    03705EUR2 00020754706C1021225     LCCFCT F2025-986 CAR COVER
0530003    03705EUR2 00020754706C1021225     BDBBBVAESMMXXX
0430003500003705EUR2 00020754706C102122500021225000001 VIR INSTANTANE EMIS NET   91564630 0000000013834R583679156463
0530003    03705EUR2 00020754706C1021225     NBEBRODATA PLUS                        02 12 BQ BNPA CPT 00010061223
0530003    03705EUR2 00020754706C1021225     REF032025336210266710000000
0530003    03705EUR2 00020754706C1021225     RCNFCT FB8846 CAR COVER
0530003    03705EUR2 00020754706C1021225     LCCFCT FB8846 CAR COVER
0530003    03705EUR2 00020754706C1021225     BDBBNPAFRPPXXX
0430003500003705EUR2 00020754706C102122500021225000001 VIR INSTANTANE EMIS NET   91586480 0000000015530M583679158648
0530003    03705EUR2 00020754706C1021225     NBESMCARDRESS                          02 12 BQ BBVA CPT 0203593550
0530003    03705EUR2 00020754706C1021225     REF032025336210276480000000
0530003    03705EUR2 00020754706C1021225     RCNFCT F2025-942 CAR COVER
0530003    03705EUR2 00020754706C1021225     LCCFCT F2025-942 CAR COVER
0530003    03705EUR2 00020754706C1021225     BDBBBVAESMMXXX
0430003500003705EUR2 00020754706C102122500021225000001 VIR INSTANTANE EMIS NET   91533660 0000000023045M583679153366
0530003    03705EUR2 00020754706C1021225     NBESPINELLI S.R.L.                     02 12 BQ UNCR CPT 00000016616
0530003    03705EUR2 00020754706C1021225     REF032025336210245210000000
0530003    03705EUR2 00020754706C1021225     RCNFCT 195-EU CAR COVER
0530003    03705EUR2 00020754706C1021225     LCCFCT 195-EU CAR COVER
0530003    03705EUR2 00020754706C1021225     BDBUNCRITM1QM0
0430003500003705EUR2 00020754706C102122500021225000001 VIR INSTANTANE EMIS NET   91621390 0000000027953J583679162139
0530003    03705EUR2 00020754706C1021225     NBESMCARDRESS                          02 12 BQ BBVA CPT 0203593550
0530003    03705EUR2 00020754706C1021225     REF032025336210302490000000
0530003    03705EUR2 00020754706C1021225     RCNFCT F2025-1058 CAR COVER
0530003    03705EUR2 00020754706C1021225     LCCFCT F2025-1058 CAR COVER
0530003    03705EUR2 00020754706C1021225     BDBBBVAESMMXXX
0430003188003705EUR2 000207547066202122500011225ABONNT ENCAISSEMENT INTERNET     00000001 0000000000396}
0530003    03705EUR2 0002075470662021225     LIB01/12/25-31/12/25CONTRAT3624200
0530003    03705EUR2 0002075470662021225     LIBTVA A 20 00   6 60 EUR
0530003    03705EUR2 0002075470662021225     LIBMONTANT HT   33 00 EUR
0430003201003705EUR2 000207547066202122500301125CIONS TENUE DE COMPTE            00000001 0000000000693N
0530003    03705EUR2 0002075470662021225     LIBAU 30/11/25
0530003    03705EUR2 0002075470662021225     LIB-CION MOUVEMENT EUR       69 35
0530003    03705EUR2 0002075470662021225     LIBAU DELA DU SEUIL JAZZ PRO
0730003    03705EUR2 00020754706  021225                                                  0000002514471C
0130003    01654EUR2 00020900133  011225TREXSO                           COMPTE COURANT   0000000302111F
0730003    01654EUR2 00020900133  021225                                                  0000000302111F
0130003    03705EUR2 00020193730  011225MLE  COSPEREC  AUDREY            MLE  AUDREY COSPE0000000084810A
0730003    03705EUR2 00020193730  021225                                                  0000000084810A
0130004    00290EUR2 00010098096  011225CR OPTIQUE                       COMPTE MUTUELLE  0000001001003{
0430004620100290EUR2 0001009809664021225  101225FACTURE NUMERO 2025120113138959  00000001 0000000000788}2
0730004    00290EUR2 00010098096  021225                                                  0000001000215{
0130004    00954EUR2 00010213945  011225SARL SMOKEY BANH MI              COMPTE COURANT   0000000087345A
0430004008300954EUR2 0001021394528021225  021225DU 011225 GOOGLE ADS25551 CARTE  00000000 0000000003357K 4974XXXXXXXX795
0530004    00954EUR2 0001021394528021225     LIB3 IRL 335 72EUR
0430004005600954EUR2 0001021394575021225  02122500954 61327509                   00000001 0000000003894R
0730004    00954EUR2 00010213945  021225                                                  0000000080093{
0130003    03957EUR2 00020613501  011225DOCTEUR ANTOINE HUART            COMPTE COURANT   0000000017946P
0430003201003957EUR2 000206135016202122500301125CIONS TENUE DE COMPTE            00000001 0000000000090N
0530003    03957EUR2 0002061350162021225     LIBAU 30/11/25
0530003    03957EUR2 0002061350162021225     LIB-CION MOUVEMENT EUR        9 05
0530003    03957EUR2 0002061350162021225     LIBAU DELA DU SEUIL JAZZ PRO
0430003063003957EUR2 000206135016102122500301125INT DEBITEURS ET CION DECOUVERT  00000001 0000000000405O
0530003    03957EUR2 0002061350161021225     LIBAU 30/11/25
0530003    03957EUR2 0002061350161021225     LIB-INT DEBITEURS  EUR       34 61
0530003    03957EUR2 0002061350161021225     LIB-CION DECOUVERT EUR        5 95
0530003    03957EUR2 0002061350161021225     LIBTAUX CONVENTIONNEL A LA DATE
0430003661003957EUR2 000206135012802122500021225CARTE X3405 01/12 OTACOS MONTOR  00010000 0000000000371}GUE
0430003661003957EUR2 000206135012802122500021225CARTE X3405 01/12 AUTOBACS BONN  00020000 0000000003038}EU
0730003    03957EUR2 00020613501  021225                                                  0000000021851Q
0130004    00171EUR2 00021524752  011225SARL MM AMENAGEMENT              COMPTE COURANT   0000000251641F
0430004056800171EUR2 0002152475218021225  021225BEVIN MARINE                     0000000  0000000004000{LOYER SCM
0530004    00171EUR2 0002152475218021225     NPYBEVIN MARINE
0530004    00171EUR2 0002152475218021225     LCCNOTPROVIDED
0530004    00171EUR2 0002152475218021225     RCNLOYER SCM
0530004    00171EUR2 0002152475218021225     PDOFR FRANCE
0430004052900171EUR2 0002152475221021225  021225/MOTIF FACTURE 251101214 /BEN N         0 0000000016563N
0530004    00171EUR2 0002152475221021225     NBENETTOYAGE 2095
0530004    00171EUR2 0002152475221021225     LCCFACTURE 251101214
0430004051600171EUR2 00021524752C1021225  021225BAIL 3212 LOCATAIRE 7552         00000000 0000000026166PNOTPROVIDED
0530004    00171EUR2 00021524752C1021225     LCCBAIL 3212 LOCATAIRE 7552
0530004    00171EUR2 00021524752C1021225     NBESARL AGENCE IMMOBILIERE TERMINUS
0530004    00171EUR2 00021524752C1021225     REF4D8BF8B83CD342BDA79368DAE5F2D9EF
0530004    00171EUR2 00021524752C1021225     RCNNOTPROVIDED
0430004620100171EUR2 0002152475264021225  101225FACTURE NUMERO 2025120113134004  00000001 0000000000428}5
0730004    00171EUR2 00021524752  021225                                                  0000000212483D
0130004    00993EUR2 00010018856  011225AMBULANCES TLS                   COMPTE COURANT   0000000032242C
0430004620100993EUR2 0001001885664021225  101225FACTURE NUMERO 2025120113168320  00000001 0000000000166Q0
0730004    00993EUR2 00010018856  021225                                                  0000000032075E
0130004    00171EUR2 00010104672  011225SCI GHTE22600                                     0000000003965P
0430004008300171EUR2 0001010467228021225  021225DU 011225 GOOGLE SVCSGLOB CARTE  00000000 0000000000103} 4974XXXXXXXX283
0530004    00171EUR2 0001010467228021225     LIB8 FRA 10 30EUR
0430004008300171EUR2 0001010467228021225  021225DU 011225 GOOGLE WORKSPAC CARTE  00000000 0000000000583K 4974XXXXXXXX283
0530004    00171EUR2 0001010467228021225     LIB8 FRA 58 32EUR
0430004008300171EUR2 0001010467228021225  021225DU 011225 GOOGLE WORKSPAC CARTE  00000000 0000000000874Q 4974XXXXXXXX283
0530004    00171EUR2 0001010467228021225     LIB8 FRA 87 48EUR
0430004056300171EUR2 00010104672C2021225  021225SAS M2A CONSEIL                  0000000  0000000036000{POUR GLOBALSAAS
0530004    00171EUR2 00010104672C2021225     NPYSAS M2A CONSEIL
0530004    00171EUR2 00010104672C2021225     LCCFACTURE FAC000137
0530004    00171EUR2 00010104672C2021225     RCNPOUR GLOBALSAAS
0530004    00171EUR2 00010104672C2021225     PDOFR FRANCE
0430004620100171EUR2 0001010467264021225  101225FACTURE NUMERO 2025120113133985  00000001 0000000000426M6
0730004    00171EUR2 00010104672  021225                                                  0000000030046I
0130004    00890EUR2 00021188093  011225L.I.V.IMMO                       COMPTE COURANT   0000004081381{
0430004008300890EUR2 0002118809328021225  021225DU 011225 LAPOSTE L920040 ASNIE  00000000 0000000000079ORES PAL CARTE 49
0530004    00890EUR2 0002118809328021225     LIB74XXXXXXXX1932
0430004081300890EUR2 00021188093B1021225  021225PRLV SEPA/SFR                           0 0000000000268QFR44ZZZ332801
0530004    00890EUR2 00021188093B1021225     NBESFR
0530004    00890EUR2 00021188093B1021225     IBEFR44ZZZ332801
0530004    00890EUR2 00021188093B1021225     LCCSFR PRLVT SEPA 99-18JC5J-01 003314250330
0530004    00890EUR2 00021188093B1021225     RCN003314250330 99-18JC5J-01
0530004    00890EUR2 00021188093B1021225     RUMGP20150826167362                   RCUR
0730004    00890EUR2 00021188093  021225                                                  0000004081032F
0130004    00369EUR2 00010048264  011225SCI GJMF 2                    SCI GJMF 2          0000000891909B
0430004081300369EUR2 00010048264B1021225  021225PRLV SEPA/ROOLE-IDENTICAR               0 0000000000159NFR46ZZZ561200
0530004    00369EUR2 00010048264B1021225     NBEROOLE-IDENTICAR
0530004    00369EUR2 00010048264B1021225     IBEFR46ZZZ561200
0530004    00369EUR2 00010048264B1021225     LCCPRELEVEMENT ROOLE-IDENTICAR
0530004    00369EUR2 00010048264B1021225     RCN25031779-IDCAR21144TX2101
0530004    00369EUR2 00010048264B1021225     RUM1S1470206                          RCUR
0430004056800369EUR2 0001004826418021225  021225DUPON                            0000000  0000000150000{VK53352PLG274K01
0530004    00369EUR2 0001004826418021225     NPYDUPON
0530004    00369EUR2 0001004826418021225     LCCDUPON FA20251101
0530004    00369EUR2 0001004826418021225     RCNVK53352PLG274K01
0530004    00369EUR2 0001004826418021225     PDOFR FRANCE
0430004620100369EUR2 0001004826464021225  101225FACTURE NUMERO 2025120113142187  00000001 0000000001510K5
0730004    00369EUR2 00010048264  021225                                                  0000001040239E
0130004    00993EUR2 00010007172  011225** PAS DE MOUVEMENT CE JOUR **                    0000002976276N
0430004620100993EUR2 0001000717264021225  101225FACTURE NUMERO 2025120113168319  00000001 0000000000103M4
0730004    00993EUR2 00010007172  021225                                                  0000002976379R
0130004    01877EUR2 00010092069  011225M&P                              COMPTE COURANT   0000000050884F
0430004009901877EUR2 0001009206930011225  0212250112 N.96179 DE 78TRAPPES        296179   0000000006558{   N.COM.4735881
0530004    01877EUR2 0001009206930011225     LIB0112 N.96179 DE 78TRAPPES N.COM.4735881012
0430004056801877EUR2 0001009206918021225  021225MUTUALITE SOCIALE AGRICOLE D IL  0000000  0000000000420{2025112800000078
0530004    01877EUR2 0001009206918021225     NPYMUTUALITE SOCIALE AGRICOLE D ILE DE FRANCE
0530004    01877EUR2 0001009206918021225     IPY31080225100028                     BICORBEI
0530004    01877EUR2 0001009206918021225     NPOMUTUALITE SOCIALE AGRICOLE D ILE DE FRANCE
0530004    01877EUR2 0001009206918021225     LCC2025112800000078114330 02751000
0530004    01877EUR2 0001009206918021225     RCN2025112800000078114330 02751000
0530004    01877EUR2 0001009206918021225     PDOFR FRANCE
0430004009901877EUR2 0001009206930021225  0212250212 N.59435 DE 78TRAPPES        259435   0000000012931I   N.COM.4735881
0530004    01877EUR2 0001009206930021225     LIB0212 N.59435 DE 78TRAPPES N.COM.4735881012
0430004620101877EUR2 0001009206964021225  101225FACTURE NUMERO 2025120113182680  00000001 0000000000435}5
0730004    01877EUR2 00010092069  021225                                                  0000000070359E
0130004    02277EUR2 00010043423  011225GROUPE EMON                      COMPTE COURANT   0000000731376B
0430004620102277EUR2 0001004342364021225  101225FACTURE NUMERO 2025120113190002  00000001 0000000000750}8
0730004    02277EUR2 00010043423  021225                                                  0000000730626B
0130004    02036EUR2 00010059845  011225L ABAT JOUR                      COMPTE COURANT   0000000000000{
0730004    02036EUR2 00010059845  021225                                                  0000000000000{
0130004    02414EUR2 00010263597  011225CITY GIRL                        COMPTE COURANT   0000000000000{
0730004    02414EUR2 00010263597  021225                                                  0000000000000{
0130004    00947EUR2 00010059474  011225LA FERME                         COMPTE COURANT   0000001796625A
0430004620100947EUR2 0001005947464021225  101225FACTURE NUMERO 2025120113166996  00000001 0000000000871J7
0730004    00947EUR2 00010059474  021225                                                  0000001795754{
0118206    00130EUR2 65016397705  011225SOCIETE CIVILE IMMOBILIERE IREM  COMPTE COURANT   0000000428823F  231
0718206    00130EUR2 65016397705  021225        ------------------------------            0000000428823F
0118206    00355EUR2 65044069973  011225SNC PERE ET FILS                 COMPTE COURANT   0000000006842C  231
0418206006700355EUR2E6504406997362011225  021225OFFRE COMPTE   COMPOSER PRO      0000000100000000000350}
0418206007800355EUR2E6504406997362011225  021225FRAIS LOCATION  QUIPEMENT DE PA  0000000100000000000144}
0418206000000355EUR2E6504406997305021225  021225VIR ZENCHEF                      0000000100000000000935H
0518206    00355EUR2 6504406997305021225     NPYZENCHEF
0518206    00355EUR2 6504406997305021225     NBEVIN SUR VIN
0518206    00355EUR2 6504406997305021225     LCCEXT BAL SWEEP SWPE429TV22322235NJT4PH7P32BKT
0518206    00355EUR2 6504406997305021225     LIBADYBNL2AXXX
0518206    00355EUR2 6504406997305021225     MMOEUR200000000009358
0418206002100355EUR2E6504406997307021225  021225EFFET DOMICILIES                 00     000000000003799K
0718206    00355EUR2 65044069973  021225                                                  0000000003484I
0130003    03708EUR2 00020103974  011225DECOFOR                          DECOFOR S.A.S    0000000772915{
0430003219003708EUR2 000201039741802122500021225MARIA ARAMBARMLLE ARAMBARRI SOL  00000000 0000000010650{6384522250S
0530003    03708EUR2 0002010397418021225     NPYMLLE ARAMBARRI SOLDEVILLA M
0530003    03708EUR2 0002010397418021225     LCCMARIA ARAMBARRI SOLDEVILLA
0530003    03708EUR2 0002010397418021225     RCNNOT PROVIDED
0430003201003708EUR2 000201039746202122500301125CIONS TENUE DE COMPTE            00000001 0000000000270}
0530003    03708EUR2 0002010397462021225     LIBAU 30/11/25
0530003    03708EUR2 0002010397462021225     LIB-FRAIS FIXES    EUR       27 00
0730003    03708EUR2 00020103974  021225                                                  0000000783295{
0130003    00716EUR2 00020134908  011225CAUVALEX MANUTENTION             COMPTE COURANT   0000004283159H
0430003073000716EUR2 00020134908300212250002122502/12 R75721 CT3702016001        00757210 0000000004061DREMISE CB /
0530003    00716EUR2 0002013490830021225     LIBBT       407 20E COM     1 06E
0430003219000716EUR2 000201349081802122500021225APPROCAST N FLE CREUSET D ART    00000000 0000000057034C6382803175S
0530003    00716EUR2 0002013490818021225     NPYLE CREUSET D ART
0530003    00716EUR2 0002013490818021225     LCCAPPROCAST N FA7748 DU 30/10/25
0530003    00716EUR2 0002013490818021225     RCNFA7748
0430003219000716EUR2 000201349081802122500021225FA7765       OREST GROUP         00000000 0000000052748D6385023822S
0530003    00716EUR2 0002013490818021225     NPYOREST GROUP
0530003    00716EUR2 0002013490818021225     LCCFA7765
0530003    00716EUR2 0002013490818021225     RCN20251202 SOG 2797 109
0530003    00716EUR2 0002013490818021225     IPY40283959100011
0430003219000716EUR2 000201349081802122500021225FACTURES FF00ETABLISSEMENTS GON  00000000 0000000037190C6296626948S
0530003    00716EUR2 0002013490818021225     NPYETABLISSEMENTS GONTHIEZ FRERES
0530003    00716EUR2 0002013490818021225     LCCFACTURES FF00011236
0530003    00716EUR2 0002013490818021225     RCNFA7714 FF00011236 2025-09-29
0430003219000716EUR2 000201349081802122500021225OUTILOR      OUTILOR             00000000 0000000007166I6380414689S
0530003    00716EUR2 0002013490818021225     NPYOUTILOR
0530003    00716EUR2 0002013490818021225     LCCOUTILOR                            FC FA7766
0530003    00716EUR2 0002013490818021225     RCNAPPROCAST
0430003219000716EUR2 000201349081802122500021225VIR RECU     DM DORURE           00000000 0000000005528D6384976886S
0530003    00716EUR2 0002013490818021225     NPYDM DORURE
0530003    00716EUR2 0002013490818021225     RCNFA7754
0430003188000716EUR2 000201349086202122500011225FRAIS VIREMENT SEPA ELEC         00000001 0000000000002N
0530003    00716EUR2 0002013490862021225     LIBREF STP
0430003188000716EUR2 000201349086202122500011225ABONNT ENCAISSEMENT INTERNET     00000001 0000000000192}
0530003    00716EUR2 0002013490862021225     LIB01/12/25-31/12/25CONTRAT3702016
0530003    00716EUR2 0002013490862021225     LIBTVA A 20 00   3 20 EUR
0530003    00716EUR2 0002013490862021225     LIBMONTANT HT   16 00 EUR
0430003188000716EUR2 000201349086202122500011225RELEVE DE COMMISSIONS            00000001 0000000000288}
0530003    00716EUR2 0002013490862021225     LIBSOGECASH NET
0530003    00716EUR2 0002013490862021225     LIBN  200716533509881 DU 02/12/2025
0430003201000716EUR2 000201349086202122500301125CIONS TENUE DE COMPTE            00000001 0000000000815K
0530003    00716EUR2 0002013490862021225     LIBAU 30/11/25
0530003    00716EUR2 0002013490862021225     LIB-CION MOUVEMENT EUR       81 52
0530003    00716EUR2 0002013490862021225     LIBAU DELA DU SEUIL JAZZ PRO
0430003432000716EUR2 00020134908B1021225000212251046591399835PAYPAL EUROPE S.A.  37767470 0000000001507N6213776747
0530003    00716EUR2 00020134908B1021225     NBEPAYPAL EUROPE S.A.R.L. ET CIE S.C.A
0530003    00716EUR2 00020134908B1021225     IBELU96ZZZ0000000000000000058
0530003    00716EUR2 00020134908B1021225     LCC1046591399835/PAYPAL
0530003    00716EUR2 00020134908B1021225     RCN1046591399835
0730003    00716EUR2 00020134908  021225                                                  0000004444084C
0130003    03735EUR2 00020069583  011225L'ETINCELLE                      COMPTE COURANT   0000000666820C
0430003416003735EUR2 000200695837202122500301125ECHEANCE PRET N 217152005009     20050091 0000000043027N
0530003    03735EUR2 0002006958372021225     LIBCAPITAL AMORTI   4 241 89
0530003    03735EUR2 0002006958372021225     LIBINTERETS   60 86
0530003    03735EUR2 0002006958372021225     LIBCAPITAL RESTANT   76 900 53
0530003    03735EUR2 0002006958372021225     LIBDATE PREVISIONNELLE  DE FIN   31/05/2027
0730003    03735EUR2 00020069583  021225                                                  0000000623792H
0130003    03700EUR2 00020042064  011225ABC TELECOM                      COMPTE COURANT   0000000157553F
0430003664003700EUR2 000200420642802122500021225DEBIT MENSUEL CARTE BLEUE VISA   00010000 0000000005717PX7491
0730003    03700EUR2 00020042064  021225                                                  0000000151835I
0130003    03733EUR2 00020249977  011225SAS NOOSA PIZZA   SERVAIS INGRID COMPTE COURANT   0000000988208D
0730003    03733EUR2 00020249977  021225                                                  0000000988208D
0130003    03705EUR2 00020750614  011225AGP RENOVATION                   COMPTE COURANT   0000019879017F
0430003219003705EUR2 0002075061418021225000212258420 UGICI   CAI-PM              00000000 0000000003450{6386857297S
0530003    03705EUR2 0002075061418021225     NPYCAI-PM
0530003    03705EUR2 0002075061418021225     LCC8420 UGICI
0530003    03705EUR2 0002075061418021225     RCNALTAIX-VIR-00079610-00080-BDV
0430003219003705EUR2 0002075061418021225000212258418 EMMA PARCAI-PM              00000000 0000000001512E6386857662S
0530003    03705EUR2 0002075061418021225     NPYCAI-PM
0530003    03705EUR2 0002075061418021225     LCC8418 EMMA PARK
0530003    03705EUR2 0002075061418021225     RCNALTAIX-VIR-00079610-00105-EIH
0430003188003705EUR2 000207506146202122500011225FACTURATION PROGELIANCE NET      00000001 0000000000086M
0530003    03705EUR2 0002075061462021225     LIBREF OPTION PRELEVEMENT
0530003    03705EUR2 0002075061462021225     LIBTVA A 20 00   1 44 EUR
0530003    03705EUR2 0002075061462021225     LIBMONTANT HT   7 20 EUR
0430003188003705EUR2 000207506146202122500011225FACTURATION PROGELIANCE NET      00000001 0000000000288}
0530003    03705EUR2 0002075061462021225     LIBREF ABONNEMENT MENSUEL
0530003    03705EUR2 0002075061462021225     LIBTVA A 20 00   4 80 EUR
0530003    03705EUR2 0002075061462021225     LIBMONTANT HT   24 00 EUR
0430003661003705EUR2 000207506142802122500021225CARTE X3771 01/12 LEROY MERLIN   00010000 0000000000412QFR
0530003    03705EUR2 0002075061428021225     LIBCOMMERCE ELECTRONIQUE
0430003661003705EUR2 000207506142802122500021225CARTE X3771 01/12 AMARIS BRICOR  00010000 0000000002411}AMA
0430003664003705EUR2 000207506142802122500021225DEBIT MENSUEL CARTE BLEUE VISA   00010000 0000000015503KX9185
0430003432003705EUR2 00020750614B102122500021225FA A925011899MCA BUREAUTIQUE/PR  09132180 0000000002875R6200913218
0530003    03705EUR2 00020750614B1021225     NBEMCA BUREAUTIQUE/PROLEASE
0530003    03705EUR2 00020750614B1021225     IBEFR03ZZZ415698
0530003    03705EUR2 00020750614B1021225     LCCFA A925011899 CHRETIEN
0530003    03705EUR2 00020750614B1021225     RCNA925011899
0730003    03705EUR2 00020750614  021225                                                  0000019862402H
0130003    03540EUR2 00020324448  011225SCI LES PETITS PRES              COMPTE COURANT   0000000104032E
0430003188003540EUR2 000203244486202122500011225FRAIS RETRAIT HORS ZONE EURO     00000001 0000000000088P
0530003    03540EUR2 0002032444862021225     LIBCARTE X4740
0530003    03540EUR2 0002032444862021225     LIB28/11 217 27 EUR MAROC
0430003662003540EUR2 000203244482802122500021225CARTE X4740 30/11 RESTO HOUSE A  00010000 0000000000058RL BAIK
0530003    03540EUR2 0002032444828021225     LIB63 00 MAD MAROC
0530003    03540EUR2 0002032444828021225     LIB1 EUR=10 696 MAD
0730003    03540EUR2 00020324448  021225                                                  0000000103884I