0130003    01553EUR2 00020046274  281125SNC LEITE 95                     SNC LEITE 95     0000000020057H
0430003188001553EUR2 000200462746201122500011225FRAIS RELEVES DE COMPTE          00000001 0000000000080}
0730003    01553EUR2 00020046274  011225                                                  0000000019977H
0130003    01553EUR2 00020063825  281125SULINSKI DELPHINE                COMPTE COURANT   0000000462597I
0430003949001553EUR2 000200638252101122500011225000001 VIR EUROPEEN EMIS   NET   99033740 0000000010138}9533519685890
0530003    01553EUR2 0002006382521011225     NBEM. OU MME STEPHANE HERSANT
0530003    01553EUR2 0002006382521011225     REF 032025335196858900000000
0530003    01553EUR2 0002006382521011225     LCCPAYE NOV
0530003    01553EUR2 0002006382521011225     BDBSOGEFRPP
0430003949001553EUR2 000200638252101122500011225000001 VIR EUROPEEN EMIS   NET   99030670 0000000022366N9533519682821
0530003    01553EUR2 0002006382521011225     NBECARPENTIER STEVE
0530003    01553EUR2 0002006382521011225     REF 032025335196828210000000
0530003    01553EUR2 0002006382521011225     LCCPAYE NOV
0530003    01553EUR2 0002006382521011225     BDBSOGEFRPP
0430003949001553EUR2 000200638252101122500011225000001 VIR EUROPEEN EMIS   NET   99028340 0000000023334}9533519680452
0530003    01553EUR2 0002006382521011225     NBECANHESTRO LUIS
0530003    01553EUR2 0002006382521011225     REF 032025335196804520000000
0530003    01553EUR2 0002006382521011225     LCCPAYE NOV
0530003    01553EUR2 0002006382521011225     BDBCCBPFRPPMTG
0430003949001553EUR2 000200638252101122500011225000001 VIR EUROPEEN EMIS   NET   99034800 0000000024415}9533519686805
0530003    01553EUR2 0002006382521011225     NBEJEREMY
0530003    01553EUR2 0002006382521011225     REF 032025335196868050000000
0530003    01553EUR2 0002006382521011225     LCCPAYE NOV
0530003    01553EUR2 0002006382521011225     BDBSOGEFRPP
0430003664001553EUR2 000200638252801122500011225DEBIT MENSUEL CARTE BLEUE VISA   00010000 0000000002075RX6821
0430003432001553EUR2 00020063825B101122500011225CNRO 60470750PROBTP FORMATION-A  54729970 0000000001157L5905472997
0530003    01553EUR2 00020063825B1011225     NBEPROBTP FORMATION-ASSOCIATION DE PROTECTION SOCIALE DU BAT
0530003    01553EUR2 00020063825B1011225     IBEFR28ZZZ436588
0530003    01553EUR2 00020063825B1011225     LCCCNRO 60470750.2013590 DU 301125
0530003    01553EUR2 00020063825B1011225     RCNCNRO 60470750.2013590 DU 301125
0430003377001553EUR2 000200638250101122500281125CHEQUE    2172                   00021720 0000000000854M
0430003108001553EUR2 000200638250701122500301125RELEVE LCR DOMICIL NO 06951259   69512590 0000000064965}AU 01/12
0730003    01553EUR2 00020063825  011225                                                  0000000313291H
0130002    01140EUR2 0000072L002  281125DSCM                             COMPTE COURANT   0000000033896C
0430002111701140EUR2E0000072L0023001122500011225REMISE CB NO 512404 DU 011225    0512404000000000007964{3902520493004512
0430002111701140EUR2E0000072L0023001122500011225REMISE CB NO 694977 DU 011225    0694977000000000007512{3902520493004694
0430002111701140EUR2E0000072L0023001122500011225REMISE CB NO 630659 DU 011225    0630659000000000005356E3902520493004630
0430002111201140EUR2E0000072L0021801122500011225ERF-TRD-0364886-25112025-1       0000000000000000000969G2015227200000000
0530002    01140EUR2 0000072L00218011225     NPYEDENRED FRANCE
0530002    01140EUR2 0000072L00218011225     LCCERF-TRD-0364886-25112025-1
0530002    01140EUR2 0000072L00218011225     RCNVSCT-TX-39611
0430002111701140EUR2E0000072L0023001122500011225REMISE CB NO 694992 DU 011225    0694992000000000000588{3902520493004694
0430002111701140EUR2E0000072L0023001122500011225REMISE CB NO 630643 DU 011225    0630643000000000000213{3902520493004630
0430002111701140EUR2E0000072L0023001122500011225REMISE CB NO 512380 DU 011225    0512380000000000000119{3902520493004512
0430002112601140EUR2E0000072L002B101122500011225PRLV SEPA MOULINS DUMEE          0000000000000000013989J4020112000000350
0530002    01140EUR2 0000072L002B1011225     NBEMOULINS DUMEE
0530002    01140EUR2 0000072L002B1011225     IBEFR53ZZZ295779                      SEPA
0530002    01140EUR2 0000072L002B1011225     RUMAUTORISATION PRELEVEMENT ZA        RCUR
0530002    01140EUR2 0000072L002B1011225     LCCPRELEVEMENT ZA
0530002    01140EUR2 0000072L002B1011225     RCN5PC/5PC/511301/77
0430002112601140EUR2E0000072L002B101122500011225PRLV SEPA DISTRIPATES GESTION    0000000000000000013893P4020112000000350
0530002    01140EUR2 0000072L002B1011225     NBEDISTRIPATES GESTION  PART.
0530002    01140EUR2 0000072L002B1011225     IBEFR50ZZZ444922                      SEPA
0530002    01140EUR2 0000072L002B1011225     RUMC1005266                           RCUR
0530002    01140EUR2 0000072L002B1011225     LCCFACTURE N VFA1025039124 BOULANGERIE ZA
0530002    01140EUR2 0000072L002B1011225     RCNVFA1025039124
0430002122601140EUR2E0000072L002B201122500011225PRLV SEPA B2B CHEDEVILLE         0000000000000000009268J4120112000000350
0530002    01140EUR2 0000072L002B2011225     NBECHEDEVILLE
0530002    01140EUR2 0000072L002B2011225     IBEFR88ZZZ539880                      SEPA
0530002    01140EUR2 0000072L002B2011225     RUMKI20171025144418377529             RCUR
0530002    01140EUR2 0000072L002B2011225     LCC387 ZA/CHED                        F4717
0530002    01140EUR2 0000072L002B2011225     RCNPK53314D0P163Q01
0430002112601140EUR2E0000072L002B101122500011225PRLV SEPA FRANFINANCE LOCATION   0000000000000000008280}4020112000000350
0530002    01140EUR2 0000072L002B1011225     NBEFRANFINANCE LOCATION
0530002    01140EUR2 0000072L002B1011225     IBEFR38ZZZ159182                      SEPA
0530002    01140EUR2 0000072L002B1011225     RUML000377974                         RCUR
0530002    01140EUR2 0000072L002B1011225     LCCLE05058992/001824119-00            /FR38ZZZ159182/L000377974
0530002    01140EUR2 0000072L002B1011225     RCNFFLOC/0001004865/43463073          OTHR
0430002112601140EUR2E0000072L002B101122500011225PRLV SEPA KNS LEASE-KEY NETWORK  0000000000000000003792}4020112000000350
0530002    01140EUR2 0000072L002B1011225     NBEKNS LEASE-KEY NETWORK SYSTEMS
0530002    01140EUR2 0000072L002B1011225     IBEFR57KNS467397                      SEPA
0530002    01140EUR2 0000072L002B1011225     RUM0004625C25                         RCUR
0530002    01140EUR2 0000072L002B1011225     LCCFACT  ADMIN-0000052965
0530002    01140EUR2 0000072L002B1011225     RCNNONE                               OTHR
0430002112601140EUR2E0000072L002B101122500011225PRLV SEPA LOCAM                  0000000000000000001193K4020112000000350
0530002    01140EUR2 0000072L002B1011225     NBELOCAM
0530002    01140EUR2 0000072L002B1011225     IBEFR91ZZZ113026                      SEPA
0530002    01140EUR2 0000072L002B1011225     RUMLD164415620210062014               RCUR
0530002    01140EUR2 0000072L002B1011225     LCCPRELEVEMENT LOCAM  PARTENAIRE DE B-AROME FRANCE  DOSSIER 1644156 CONTR
0530002    01140EUR2 0000072L002B1011225     LC2AT 1 CONGELATEUR 8 LOYER DU 30-11-2025
0530002    01140EUR2 0000072L002B1011225     RCNLB1644156E04930112025++++DOSREML
0430002112601140EUR2E0000072L002B101122500011225PRLV SEPA ASSURANCE LCL          0000000000000000000720R4010112000000350
0530002    01140EUR2 0000072L002B1011225     NBEASSURANCE LCL
0530002    01140EUR2 0000072L002B1011225     IBEFR38ZZZ101176                      SEPA
0530002    01140EUR2 0000072L002B1011225     RUM00000000000000000000004768951904PCKRCUR
0530002    01140EUR2 0000072L002B1011225     LCCLCL ASSURANCE VEHICULE PROFESSIONNEL -ECHEANCE 12/2025 COTISATION DU C
0530002    01140EUR2 0000072L002B1011225     LC2ONTRAT PACIFICA 3588720904
0530002    01140EUR2 0000072L002B1011225     RCN2511195000070241896A000255530462904
0430002607001140EUR2E0000072L0026201122500011225COMMISSIONS SUR REMISE CB        0512404100000000000049O3922520493004512
0530002    01140EUR2 0000072L00262011225     LIBNO 512404 DU 011225            99
0430002607001140EUR2E0000072L0026201122500011225COMMISSIONS SUR REMISE CB        0694977100000000000039L3922520493004694
0530002    01140EUR2 0000072L00262011225     LIBNO 694977 DU 011225            99
0430002607001140EUR2E0000072L0026201122500011225COMMISSIONS SUR REMISE CB        0630659100000000000030L3922520493004630
0530002    01140EUR2 0000072L00262011225     LIBNO 630659 DU 011225            99
0430002607001140EUR2E0000072L0026201122500011225COMMISSIONS SUR REMISE CB        0694992100000000000003J3922520493004694
0530002    01140EUR2 0000072L00262011225     LIBNO 694992 DU 011225            99
0430002607001140EUR2E0000072L0026201122500011225COMMISSIONS SUR REMISE CB        0630643100000000000001J3922520493004630
0530002    01140EUR2 0000072L00262011225     LIBNO 630643 DU 011225            99
0430002607001140EUR2E0000072L0026201122500011225COMMISSIONS SUR REMISE CB        0512380100000000000000O3922520493004512
0530002    01140EUR2 0000072L00262011225     LIBNO 512380 DU 011225            99
0730002    01140EUR2 0000072L002  011225                                                  0000000005357E
0130003    01315EUR2 00020235828  281125PREVENTECH                       COMPTE COURANT   0000000388183D
0730003    01315EUR2 00020235828  011225                                                  0000000388183D
0130003    01553EUR2 00020052464  281125LA PAUSE DETENTE                 COMPTE COURANT   0000000084827B
0430003949001553EUR2 000200524642101122500011225000001 VIR EUROPEEN EMIS   NET   59635470 0000000005000}9533519288264
0530003    01553EUR2 0002005246421011225     NBESCP
0530003    01553EUR2 0002005246421011225     REF 032025335192882640000000
0530003    01553EUR2 0002005246421011225     LCCREF 27629 SCI JET A
0530003    01553EUR2 0002005246421011225     BDBBNPAFRPP
0730003    01553EUR2 00020052464  011225                                                  0000000079827B