0118079    60167EUR2 02590440468  301125DOCTEUR CHRISTOPHE LEFEVRE SELAR                  0000000000190B0000
0418079    60167EUR2E0259044046862011225  301125F CONVENTION PRO PLUS GOLD BUSIN 00000001 0000000000300}
0518079    60167EUR2 0259044046862011225     LIBT50005
0518079    60167EUR2 0259044046862011225     LIB      EUR512-         EUR 02OEUR T50009
0718079    60167EUR2 02590440468  011225                                                  0000000000109Q
0118079    60167EUR2 02588930433  301125SARL AGENCE DIAG EXPERT          COMPTE COURANT   0000000043493A0000
0418079    60167EUR2E0258893043330011225  291125REMISE TPV N. 1377090 01  291125 13770901 0000000005852H
0518079    60167EUR2 0258893043330011225     LIBT09002137709001
0418079    60167EUR2E0258893043330011225  301125REMISE TPV N. 1377090 01  301125 13770901 0000000006840F
0518079    60167EUR2 0258893043330011225     LIBT09002137709001
0418079    60167EUR2E0258893043330011225  291125REMISE TPV N. 1530672 01  291125 15306721 0000000002413G
0518079    60167EUR2 0258893043330011225     LIBT09002153067201
0418079    60167EUR2E0258893043330011225  301125REMISE TPV N. 1530672 01  301125 15306721 0000000004380I
0518079    60167EUR2 0258893043330011225     LIBT09002153067201
0418079    60167EUR2E0258893043328011225  301125CARTE 28/11 MECARUNGIS RUNGIS    00000000 0000000003966LMCC 0763 COOPERA
0518079    60167EUR2 0258893043328011225     LIBMCC 0763 COOPERAT EUR    396 63
0518079    60167EUR2 0258893043328011225     LIB4971330007221011000
0418079    60167EUR2E0258893043328011225  011225CARTE 30/11 GERAUD LIVRY-GARGAN  00000000 0000000004482MMCC 5499 MAG.ALI
0518079    60167EUR2 0258893043328011225     LIBMCC 5499 MAG.ALIM EUR    448 24
0518079    60167EUR2 0258893043328011225     LIB4971330007221011000
0418079    60167EUR2E0258893043306011225  011225VIR JOURDIN STEPHA               00000000 0000000020000}
0518079    60167EUR2 0258893043306011225     NBEJOURDIN STEPHANE
0518079    60167EUR2 0258893043306011225     LCCJOURDIN STEPHANE
0418079    60167EUR2E0258893043362011225  011225COM. CARTES 1530672 01 3011      15306721 0000000000038P
0518079    60167EUR2 0258893043362011225     LIBT50005153067201
0518079    60167EUR2 0258893043362011225     LIB      EUR512-         EUR 02OEUR T50009
0418079    60167EUR2E0258893043362011225  011225COM. CARTES 1377090 01 3011      13770901 0000000000071R
0518079    60167EUR2 0258893043362011225     LIBT50005137709001
0518079    60167EUR2 0258893043362011225     LIB      EUR512-         EUR 02OEUR T50009
0418079    60167EUR2E0258893043362011225  301125COM. CARTES 1530672 01 2911      15306721 0000000000021R
0518079    60167EUR2 0258893043362011225     LIBT50005153067201
0518079    60167EUR2 0258893043362011225     LIB      EUR512-         EUR 02OEUR T50009
0418079    60167EUR2E0258893043362011225  301125COM. CARTES 1377090 01 2911      13770901 0000000000062}
0518079    60167EUR2 0258893043362011225     LIBT50005137709001
0518079    60167EUR2 0258893043362011225     LIB      EUR512-         EUR 02OEUR T50009
0418079    60167EUR2E0258893043362011225  301125F CONVENTION PRO PLUS BUSINESS   00000001 0000000000250}
0518079    60167EUR2 0258893043362011225     LIBT50005
0518079    60167EUR2 0258893043362011225     LIB      EUR512-         EUR 02OEUR T50009
0418079    60167EUR2E02588930433B1011225  011225PRLV SFR                         00000000 0000000000079OSFR PRLVT SEPA 9
0518079    60167EUR2 02588930433B1011225     NBESFR
0518079    60167EUR2 02588930433B1011225     LCCSFR PRLVT SEPA 99-NMHEL3-02 003394093559
0518079    60167EUR2 02588930433B1011225     RCN003394093559 99-NMHEL3-02
0718079    60167EUR2 02588930433  011225                                                  0000000034008C