0110207    00162EUR2 70211464715  031225SCP MBA                          COMPTE COURANT   0000000354701G
0410207001200162EUR2E7021146471501041225  041225CHEQUE N 0006277                 0006277100000000014202Q2512035918706085
0510207    00162EUR2 7021146471501041225     LIB251203591870608544271529  1600
0510207    00162EUR2 7021146471501041225     LIB87061600183         18706
0410207001200162EUR2E7021146471501041225  041225CHEQUE N 0006274                 0006274100000000001039O041225087S297043
0510207    00162EUR2 7021146471501041225     LIB041225087S29704343513540  71C0
0510207    00162EUR2 7021146471501041225     LIBVIS0135400  0000    18707
0410207056100162EUR2E7021146471504041225  041225VERST AUTOMATE                   7273378000000000011000{CLERMONT DE L'OI
0510207    00162EUR2 7021146471504041225     LIBCLERMONT DE L'OISE DEP.
0510207    00162EUR2 7021146471504041225     LIBGAB 04/12 SAC7273378
0710207    00162EUR2 70211464715  041225                                                  0000000350459C