0110207    00162EUR2 70211464715  271125SCP MBA                          COMPTE COURANT   0000000367485E
0410207056100162EUR2E7021146471504281125  281125VERST AUTOMATE                   1492289000000000010000{CLERMONT DE L'OI
0510207    00162EUR2 7021146471504281125     LIBCLERMONT DE L'OISE DEP.
0510207    00162EUR2 7021146471504281125     LIBGAB 28/11 SAC1492289
0710207    00162EUR2 70211464715  281125                                                  0000000377485E