0130004    00171EUR2 00010094005  021225LA PAUSE S'IMPOSE                COMPTE COURANT   0000000088448D
0430004009900171EUR2 0001009400530031225  0312250312 N.38561 DE 92ASNIERES SUR   138561   0000000003131A   N.COM.4709571
0530004    00171EUR2 0001009400530031225     LIBN.COM.4709571015
0730004    00171EUR2 00010094005  031225                                                  0000000091579E
0130004    02036EUR2 00010181320  021225SCI MID PASSEL                   COMPTE COURANT   0000000424396}
0430004056802036EUR2 0001018132018031225  031225APPRENTISSAGE                    0000000  0000000024000{1691100001000227
0530004    02036EUR2 0001018132018031225     NPYAGENCE COMPTABLE DU CNFPT
0530004    02036EUR2 0001018132018031225     NPOAPPRENTISSAGE
0530004    02036EUR2 0001018132018031225     LCCFI-95054198-1APPRENTISSAGE
0530004    02036EUR2 0001018132018031225     RCN1691100001000227112025-19209
0530004    02036EUR2 0001018132018031225     PDOFR FRANCE
0430004056802036EUR2 0001018132018031225  031225AKTO                             0000000  0000000053109{POLE APP 4/22540
0530004    02036EUR2 0001018132018031225     NPYAKTO
0530004    02036EUR2 0001018132018031225     IPY85300098200019                     BICORBEI
0530004    02036EUR2 0001018132018031225     LCCPAIEMENT FACTURE REF.
0530004    02036EUR2 0001018132018031225     RCNPOLE APP 4/2254048
0530004    02036EUR2 0001018132018031225     PDOFR FRANCE
0730004    02036EUR2 00010181320  031225                                                  0000000347287}
0130003    00380EUR2 00050929825  021225SCI DC                           COMPTE COURANT   0000000048066D
0430003501000380EUR2 00050929825C203122500031225VIR INST     M CHIKH BELHASNA    05387450 0000000003166G583780538745
0530003    00380EUR2 00050929825C2031225     NPYM CHIKH BELHASNA
0430003501000380EUR2 00050929825C203122500031225VIREMENT DE SNOE BARDIL          00549690 0000000002500{583780054969
0530003    00380EUR2 00050929825C2031225     NPYNOE BARDIL
0530003    00380EUR2 00050929825C2031225     LCCVIREMENT DE SEVERINE BARDIL FACTURE 1225/04/141
0430003661000380EUR2 000509298252803122500031225CARTE X3990 02/12 HORODATEURS V  00010000 0000000000010}
0530003    00380EUR2 0005092982528031225     LIB110533702668546IOPD
0730003    00380EUR2 00050929825  031225                                                  0000000053723A
0130004    00171EUR2 00010042687  021225CLUB SMOKI                       COMPTE COURANT   0000000312163B
0430004009900171EUR2 0001004268730031225  0312250312 N.57446 DE 95ANDILLY        157446   0000000002630{   N.COM.4712782
0530004    00171EUR2 0001004268730031225     LIB0312 N.57446 DE 95ANDILLY N.COM.4712782010
0430004056800171EUR2 0001004268718031225  031225CPAM DU VAL D OISE               0000000  0000000082220{0000009510016503
0530004    00171EUR2 0001004268718031225     NPYCPAM DU VAL D OISE
0530004    00171EUR2 0001004268718031225     IPY0                                  BICORBEI
0530004    00171EUR2 0001004268718031225     LCC0000009510016503358500251202
0530004    00171EUR2 0001004268718031225     RCN0000009510016503358500251202       PENS
0530004    00171EUR2 0001004268718031225     PDOFR FRANCE
0730004    00171EUR2 00010042687  031225                                                  0000000397013B
0130003    03705EUR2 00120752340  021225NEXTTICK                         COMPTE COURANT   0000000118017J
0430003073003705EUR2 00120752340300312250004122503/12 R76071 CT3627249801        00760710 0000000002906IREMISE CB /
0530003    03705EUR2 0012075234030031225     LIBBT       292 15E COM     1 46E
0430003073003705EUR2 00120752340300312250004122503/12 R69821 CT3627249001        00698210 0000000002331CREMISE CB /
0530003    03705EUR2 0012075234030031225     LIBBT       234 30E COM     1 17E
0430003073003705EUR2 00120752340300312250003122503/12 R28940 CT3634820001        00289400 0000000000526{REMISE CB /
0530003    03705EUR2 0012075234030031225     LIBBT        53 00E COM     0 40E
0430003219003705EUR2 001207523401803122500031225/INV/250011 7SAGEMCOM BROADBAND  00000000 0000000001500{6391223819S
0530003    03705EUR2 0012075234018031225     NPYSAGEMCOM BROADBAND SAS
0530003    03705EUR2 0012075234018031225     LCC/INV/250011 7.11.2025
0530003    03705EUR2 0012075234018031225     RCN4492087212
0730003    03705EUR2 00120752340  031225                                                  0000000110752R
0130004    00890EUR2 00010023753  021225MAITRE FRENKIAN VIRGINIE         COMPTE COURANT   0000000390565H
0730004    00890EUR2 00010023753  031225                                                  0000000390565H
0130003    00352EUR2 00026205700  021225SCI YOL                          COMPTE COURANT   0000000103796{
0430003949000352EUR2 000262057001803122500031225DIVIDENDES 20CAR COVER JB DEVEL  08003050 0000000205910{3621216224
0530003    00352EUR2 0002620570018031225     NPYCAR COVER JB DEVELOPPEMENT
0530003    00352EUR2 0002620570018031225     LCCDIVIDENDES 2025
0730003    00352EUR2 00026205700  031225                                                  0000000309706{
0130003    03705EUR2 00020200829  021225TECHNIQUES ET NORMES DE COUVERT  COMPTE COURANT   0000000142598G
0730003    03705EUR2 00020200829  031225                                                  0000000142598G
0130004    00170EUR2 00010025126  021225SCI EMPREINTES                   COMPTE COURANT   0000000779044{
0730004    00170EUR2 00010025126  031225                                                  0000000779044{
0130004    00171EUR2 00010085656  021225** PAS DE MOUVEMENT CE JOUR **                    0000000446375B
0430004009900171EUR2 0001008565630031225  0312250312 N.27432 DE 95SOISY SOUS MO  227432   0000000001550{   N.COM.4409154
0530004    00171EUR2 0001008565630031225     LIB N.COM.4409154012
0430004056800171EUR2 0001008565618031225  031225CPAM DU VAL D OISE               0000000  0000000058090{0000009510040013
0530004    00171EUR2 0001008565618031225     NPYCPAM DU VAL D OISE
0530004    00171EUR2 0001008565618031225     IPY0                                  BICORBEI
0530004    00171EUR2 0001008565618031225     LCC0000009510040013108500251202
0530004    00171EUR2 0001008565618031225     RCN0000009510040013108500251202       PENS
0530004    00171EUR2 0001008565618031225     PDOFR FRANCE
0730004    00171EUR2 00010085656  031225                                                  0000000506015B
0130004    00139EUR2 00006258305  021225SC CAE                           COMPTE COURANT   0000000168947A
0730004    00139EUR2 00006258305  031225                                                  0000000168947A
0130004    00171EUR2 00010035422  021225SCI FABRICE                      COMPTE COURANT   0000000046645C
0430004009900171EUR2 0001003542230021225  0312250212 N.84201 DE 95SOISY SOUS MO  284201   0000000000900{   N.COM.4786189
0530004    00171EUR2 0001003542230021225     LIB N.COM.4786189013
0430004009900171EUR2 0001003542230021225  0312250212 N.79713 DE 95SOISY SOUS MO  179713   0000000002100{   N.COM.4837818
0530004    00171EUR2 0001003542230021225     LIB N.COM.4837818010
0430004056800171EUR2 0001003542218031225  031225FERGUTH INGRID                   0000000  0000000000300{CS DU 27 11 25 F
0530004    00171EUR2 0001003542218031225     NPYFERGUTH INGRID
0530004    00171EUR2 0001003542218031225     LCCCS DU 27 11 25 FERGUTH INGRID
0530004    00171EUR2 0001003542218031225     RCNCS DU 27 11 25 FERGUTH INGRID
0530004    00171EUR2 0001003542218031225     PDOFR FRANCE
0430004056800171EUR2 0001003542218031225  031225CPAM DU VAL D OISE               0000000  0000000087700{0000009511158643
0530004    00171EUR2 0001003542218031225     NPYCPAM DU VAL D OISE
0530004    00171EUR2 0001003542218031225     IPY0                                  BICORBEI
0530004    00171EUR2 0001003542218031225     LCC0000009511158643108500251202
0530004    00171EUR2 0001003542218031225     RCN0000009511158643108500251202       PENS
0530004    00171EUR2 0001003542218031225     PDOFR FRANCE
0730004    00171EUR2 00010035422  031225                                                  0000000137645C
0130004    00921EUR2 00023069680  021225L'EPICURIEN                      COMPTE COURANT   0000000136957B
0730004    00921EUR2 00023069680  031225                                                  0000000136957B
0130004    02036EUR2 00010184310  021225SCI DU HANGAR                    COMPTE COURANT   0000001024888}
0430004052902036EUR2 0001018431021031225  031225NDF 11/2025                      -      0 0000000004997MNDF 11/2025
0530004    02036EUR2 0001018431021031225     NPYFRATERNITE ST JEAN JEUNES
0530004    02036EUR2 0001018431021031225     NBELSFRC
0530004    02036EUR2 0001018431021031225     LCCNDF 11/2025
0530004    02036EUR2 0001018431021031225     RCNNDF 11/2025
0530004    02036EUR2 0001018431021031225     REF-                                  -
0530004    02036EUR2 0001018431021031225     CBEFR7616958000019186155739670
0430004056802036EUR2 0001018431018031225  031225PAIERIE H.S. - DEPARTEMENT       0000000  0000000045489D1609209000140001
0530004    02036EUR2 0001018431018031225     NPYPAIERIE DEPT HAUTS DE SEINE
0530004    02036EUR2 0001018431018031225     NPOPAIERIE H.S. - DEPARTEMENT
0530004    02036EUR2 0001018431018031225     LCC202592MNA08 FACTUREPAIERIE H.S. - DEPARTEMENT
0530004    02036EUR2 0001018431018031225     RCN1609209000140001122025-46012
0530004    02036EUR2 0001018431018031225     PDOFR FRANCE
0430004056802036EUR2 0001018431018031225  031225PAIERIE H.S. - DEPARTEMENT       0000000  0000000045489D1609209000140001
0530004    02036EUR2 0001018431018031225     NPYPAIERIE DEPT HAUTS DE SEINE
0530004    02036EUR2 0001018431018031225     NPOPAIERIE H.S. - DEPARTEMENT
0530004    02036EUR2 0001018431018031225     LCC202592MNA07 FACTUREPAIERIE H.S. - DEPARTEMENT
0530004    02036EUR2 0001018431018031225     RCN1609209000140001122025-46011
0530004    02036EUR2 0001018431018031225     PDOFR FRANCE
0430004056802036EUR2 0001018431018031225  031225VILLE DE PARIS                   0000000  0000000090978H1607540101000001
0530004    02036EUR2 0001018431018031225     NPYSGC VPRIF VILLE
0530004    02036EUR2 0001018431018031225     NPOVILLE DE PARIS
0530004    02036EUR2 0001018431018031225     LCC10000 00183365 20257510 2025VILLE DE PARIS
0530004    02036EUR2 0001018431018031225     RCN1607540101000001122025-183365
0530004    02036EUR2 0001018431018031225     PDOFR FRANCE
0730004    02036EUR2 00010184310  031225                                                  0000000847927Q
0130004    00292EUR2 00010101994  021225SCI DU HANGAR                    COMPTE COURANT   0000002625264C
0430004008400292EUR2 0001010199429031225  03122501/12/25 7-11 KATA NIGHT TH PHU  00000000 0000000002957RKE CARTE 4974XXX
0530004    00292EUR2 0001010199429031225     LIBXXXXX6939 TH 295 79EUR
0730004    00292EUR2 00010101994  031225                                                  0000002622306D
0130004    00993EUR2 00001438802  021225TREXSO                           COMPTE COURANT   0000000009726B
0730004    00993EUR2 00001438802  031225                                                  0000000009726B
0130004    00297EUR2 00010004213  021225EI SALON INES D                  COMPTE COURANT   0000000337100C
0730004    00297EUR2 00010004213  031225                                                  0000000337100C
0130004    02036EUR2 00010185240  021225PHARMACIE DE L ALISIER           COMPTE COURANT   0000000027984A
0730004    02036EUR2 00010185240  031225                                                  0000000027984A
0130004    01528EUR2 00010074636  021225SARL PROXI SHOP                  COMPTE COURANT   0000000395079C
0430004056301528EUR2 00010074636C2031225  031225SNF OB INVEST                    0000000  0000000120000{1764758261597
0530004    01528EUR2 00010074636C2031225     NPYSNF OB INVEST
0530004    01528EUR2 00010074636C2031225     LCCFACTURE NOVEMBRE 2025
0530004    01528EUR2 00010074636C2031225     RCN1764758261597
0530004    01528EUR2 00010074636C2031225     PDOFR FRANCE
0730004    01528EUR2 00010074636  031225                                                  0000000515079C
0130004    02036EUR2 00010056855  021225ATELIER 467                      COMPTE COURANT   0000000000000{
0730004    02036EUR2 00010056855  031225                                                  0000000000000{
0130004    00993EUR2 00001435812  021225SC DIOT INVEST                   COMPTE COURANT   0000000043330D
0430004000100993EUR2 0000143581201031225  021225CHEQUE N.7634233                 76342330 0000000000360}
0430004000100993EUR2 0000143581201031225  021225CHEQUE N.7634234                 76342340 0000000000630}
0730004    00993EUR2 00001435812  031225                                                  0000000042340D
0130056    00811EUR2 08110094606  021225LA PAUSE S'IMPOSE                COMPTE COURANT   0000003407250E
043005600V300811EUR2 0811009460605031225  031225VIREMENT SEPA RECU    YCI1 0224  01022470 0000000078940H
0530056    00811EUR2 0811009460605031225     NPYAUBADE PARIS
0530056    00811EUR2 0811009460605031225     LCC/INV/FAC/2025/24026 9.10.2025/INV/FAC/2025/24040 31.10.2025/INV/FAC/20
0530056    00811EUR2 0811009460605031225     LC225/24048 31.10.2025
0530056    00811EUR2 0811009460605031225     RCN2000007887
0730056    00811EUR2 08110094606  031225                                                  0000003486191C
0130003    01652EUR2 00027007102  021225SCI GJMF 2                    SCI GJMF 2          0000001014024{
0730003    01652EUR2 00027007102  031225                                                  0000001014024{
0130003    03700EUR2 00020040164  021225SAVANE & MOUSSON STREET FOOD     COMPTE COURANT   0000002574424{
0430003501003700EUR2 00020040164C203122500021225CC PHC       M. PHILIPPE CROCHE  95708580 0000000100000{583679570858
0530003    03700EUR2 00020040164C2031225     NPYM. PHILIPPE CROCHET
0530003    03700EUR2 00020040164C2031225     LCCCC PHC
0530003    03700EUR2 00020040164C2031225     RCN032025336212910120000001
0730003    03700EUR2 00020040164  031225                                                  0000002674424{
0130003    03708EUR2 00020781516  021225EI SALON INES D                  COMPTE COURANT   0000000000919I
0730003    03708EUR2 00020781516  031225                                                  0000000000919I
0130003    01652EUR2 00020660699  021225SCI FABRICE                      COMPTE COURANT   0000000029736N
0430003188001652EUR2 000206606996203122500021225COMMISSION D'INTERVENTION        00000001 0000000000100}
0530003    01652EUR2 0002066069962031225     LIBDU 24/11/2025 AU 30/11/2025
0730003    01652EUR2 00020660699  031225                                                  0000000029836N
0130003    03705EUR2 00020759266  021225PAGE STEPHIE DOMINIQUE           COMPTE COURANT   0000001071700I
0430003188003705EUR2 000207592666203122500021225RELEVE D'INTERETS PAPIER         00000001 0000000000188}
0530003    03705EUR2 0002075926662031225     LIBREF. 037050370500020756629001
0530003    03705EUR2 0002075926662031225     LIBARRETE AU 30/11/2025
0730003    03705EUR2 00020759266  031225                                                  0000001071512I
0130003    03705EUR2 00020754706  021225LE KIOSQUE                       COMPTE COURANT   0000002514471C
0430003073003705EUR2 00020754706300312250003122503/12 R44131 CT3624200001        00441310 0000000028749EREMISE CB /
0530003    03705EUR2 0002075470630031225     LIBBT      2885 87E COM    10 92E
0430003073003705EUR2 00020754706300312250003122503/12 R12530 CT3663584001        00125300 0000000001873FREMISE CB /
0530003    03705EUR2 0002075470630031225     LIBBT       188 00E COM     0 64E
0430003219003705EUR2 000207547061803122500031225VIR RECU     SURVIVAL SARL       00000000 0000000438330{6389195194S
0530003    03705EUR2 0002075470618031225     NPYSURVIVAL SARL
0530003    03705EUR2 0002075470618031225     RCNACOMPTE 30
0430003284003705EUR2 00020754706180312250003122519682        ENRICO BERTINOTTI   00000000 0000000000848H6485959749S
0530003    03705EUR2 0002075470618031225     NPYENRICO BERTINOTTI
0530003    03705EUR2 0002075470618031225     LCC19682                              IMPOSSIBLE D'ENTRER L'ADR. DEMANDEE
0530003    03705EUR2 0002075470618031225     LC2ADRESSE GENEREE AUTOMATIQUEMENT    SG  COURS VALMY 17  92972 PUTEAUX
0530003    03705EUR2 0002075470618031225     IPY9                      CUST
0530003    03705EUR2 0002075470618031225     PDOCH SUISSE
0430003500003705EUR2 00020754706C103122500031225000001 VIR INSTANTANE EMIS NET   01038150 0000000000249P583780103815
0530003    03705EUR2 00020754706C1031225     NBEREMY THIBAULT SG                    03 12 SG 00374 CPT 00050058164
0530003    03705EUR2 00020754706C1031225     REF032025337216753370000000
0530003    03705EUR2 00020754706C1031225     RCNACTION
0530003    03705EUR2 00020754706C1031225     LCCACTION
0530003    03705EUR2 00020754706C1031225     BDBSOGEFRPPXXX
0430003500003705EUR2 00020754706C103122500031225000001 VIR INSTANTANE EMIS NET   00971620 0000000002040}583780097162
0530003    03705EUR2 00020754706C1031225     NBEWORKSHOP                            03 12 BQ CCBP CPT 36121765280
0530003    03705EUR2 00020754706C1031225     REF032025337216711140000000
0530003    03705EUR2 00020754706C1031225     RCNFCT 25-11-1011 CAR COVER
0530003    03705EUR2 00020754706C1031225     LCCFCT 25-11-1011 CAR COVER
0530003    03705EUR2 00020754706C1031225     BDBCCBPFRPPBDX
0430003500003705EUR2 00020754706C103122500031225000001 VIR INSTANTANE EMIS NET   00890060 0000000009757}583780089006
0530003    03705EUR2 00020754706C1031225     NBESPINELLI S.R.L.                     03 12 BQ UNCR CPT 00000016616
0530003    03705EUR2 00020754706C1031225     REF032025337216652800000000
0530003    03705EUR2 00020754706C1031225     RCNFCT 205-EU CAR COVER
0530003    03705EUR2 00020754706C1031225     LCCFCT 205-EU CAR COVER
0530003    03705EUR2 00020754706C1031225     BDBUNCRITM1QM0
0430003500003705EUR2 00020754706C103122500031225000001 VIR INSTANTANE EMIS NET   00803940 0000000010247P583780080394
0530003    03705EUR2 00020754706C1031225     NBESMCARDRESS                          03 12 BQ BBVA CPT 0203593550
0530003    03705EUR2 00020754706C1031225     REF032025337216583170000000
0530003    03705EUR2 00020754706C1031225     RCNFCT F2025-2595 CAR COVER
0530003    03705EUR2 00020754706C1031225     LCCFCT F2025-2595 CAR COVER
0530003    03705EUR2 00020754706C1031225     BDBBBVAESMMXXX
0430003949003705EUR2 000207547062103122500031225000001 VIR EUROPEEN EMIS   NET   08003370 0000000065860}9533621217199
0530003    03705EUR2 0002075470621031225     NBEREMY THIBAULT SG
0530003    03705EUR2 0002075470621031225     REF DIVIDENDES 2025
0530003    03705EUR2 0002075470621031225     LCCDIVIDENDES 2025
0530003    03705EUR2 0002075470621031225     BDBSOGEFRPP
0530003    03705EUR2 0002075470621031225     LEM                                   032025336212171990000000 001 VI
0430003949003705EUR2 000207547062103122500031225000001 VIR EUROPEEN EMIS   NET   08003050 0000000205910}9533621216224
0530003    03705EUR2 0002075470621031225     NBETCVM
0530003    03705EUR2 0002075470621031225     REF DIVIDENDES 2025
0530003    03705EUR2 0002075470621031225     LCCDIVIDENDES 2025
0530003    03705EUR2 0002075470621031225     BDBSOGEFRPP
0530003    03705EUR2 0002075470621031225     LEM                                   032025336212162240000000 001 VI
0430003432003705EUR2 00020754706B103122500031225ADWORDS 15704GOOGLE IRELAND LIM  96155630 0000000005000}5909615563
0530003    03705EUR2 00020754706B1031225     NBEGOOGLE IRELAND LIMITED
0530003    03705EUR2 00020754706B1031225     IBEIE19ZZZ361694
0530003    03705EUR2 00020754706B1031225     LCCADWORDS 1570477529 GG1046VUPQ
0530003    03705EUR2 00020754706B1031225     RCNGG1046VUPQ
0530003    03705EUR2 00020754706B1031225     RUM85187030
0730003    03705EUR2 00020754706  031225                                                  0000002685208H
0130003    01654EUR2 00020900133  021225TREXSO                           COMPTE COURANT   0000000302111F
0430003664001654EUR2 000209001332803122500031225DEBIT MENSUEL CARTE BLEUE VISA   00010000 0000000007467KX1051
0730003    01654EUR2 00020900133  031225                                                  0000000294644D
0130003    03705EUR2 00020193730  021225MLE  COSPEREC  AUDREY            MLE  AUDREY COSPE0000000084810A
0730003    03705EUR2 00020193730  031225                                                  0000000084810A
0130004    00290EUR2 00010098096  021225CR OPTIQUE                       COMPTE MUTUELLE  0000001000215{
0430004008300290EUR2 0001009809628031225  031225DU 021225 ET TOQUE SURESNES CAR  00000000 0000000000913QTE 4974XXXXXXXX9
0530004    00290EUR2 0001009809628031225     LIB022
0430004051600290EUR2 00010098096C1031225  031225SALAIRE NOVEMBRE                 00000000 0000000011349QNOTPROVIDED
0530004    00290EUR2 00010098096C1031225     LCCSALAIRE NOVEMBRE
0530004    00290EUR2 00010098096C1031225     NBEFIRETTO FRANCK
0530004    00290EUR2 00010098096C1031225     REF5C4DFC97BCB74F299C8ACCB373E9E77E
0530004    00290EUR2 00010098096C1031225     RCNNOTPROVIDED
0730004    00290EUR2 00010098096  031225                                                  0000000987951D
0130004    00954EUR2 00010213945  021225SARL SMOKEY BANH MI              COMPTE COURANT   0000000080093{
0430004008300954EUR2 0001021394528031225  031225DU 021225 FREE MOBILE PARIS CAR  00000000 0000000000040}TE 4974XXXXXXXX4
0530004    00954EUR2 0001021394528031225     LIB456
0430004008300954EUR2 0001021394528031225  031225DU 021225 LAPOSTE G934930 VILLE  00000000 0000000000218MPINTE CARTE 4974
0530004    00954EUR2 0001021394528031225     LIBXXXXXXXX7953
0430004051600954EUR2 00010213945C1031225  031225PAIE NOVEMBRE 2025               00000000 0000000009189KNOTPROVIDED
0530004    00954EUR2 00010213945C1031225     LCCPAIE NOVEMBRE 2025
0530004    00954EUR2 00010213945C1031225     NBEHOSSAM ELBAZ
0530004    00954EUR2 00010213945C1031225     REF5B99B3AD2C754272897853D57842973B
0530004    00954EUR2 00010213945C1031225     RCNNOTPROVIDED
0430004051600954EUR2 00010213945C1031225  031225F250660                          00000000 0000000012642}NOTPROVIDED
0530004    00954EUR2 00010213945C1031225     LCCF250660
0530004    00954EUR2 00010213945C1031225     NBESECURGAMES
0530004    00954EUR2 00010213945C1031225     REFB5816718E1EC458B8BA05025C5D6C75D
0530004    00954EUR2 00010213945C1031225     RCNNOTPROVIDED
0430004051600954EUR2 00010213945C1031225  0312251 ACOMPTE KM202576               00000000 0000000015000}NOTPROVIDED
0530004    00954EUR2 00010213945C1031225     LCC1 ACOMPTE KM202576
0530004    00954EUR2 00010213945C1031225     NBEKANDIAMEDIA
0530004    00954EUR2 00010213945C1031225     REF2730F25753A04C9AA8A239DD61C2468A
0530004    00954EUR2 00010213945C1031225     RCNNOTPROVIDED
0430004051600954EUR2 00010213945C1031225  031225FACT 251086                      00000000 0000000015500}NOTPROVIDED
0530004    00954EUR2 00010213945C1031225     LCCFACT 251086
0530004    00954EUR2 00010213945C1031225     NBEMALAFESTA
0530004    00954EUR2 00010213945C1031225     REF896CA01648A64D6F8135F9962F3392BC
0530004    00954EUR2 00010213945C1031225     RCNNOTPROVIDED
0430004056800954EUR2 0001021394518031225  031225SMD                              0000000  0000000037500{SMD LOC EMPL TRI
0530004    00954EUR2 0001021394518031225     NPYSMD
0530004    00954EUR2 0001021394518031225     RCNSMD LOC EMPL TRI 2 3 4/2025
0530004    00954EUR2 0001021394518031225     PDOFR FRANCE
0730004    00954EUR2 00010213945  031225                                                  0000000065003D
0130003    03957EUR2 00020613501  021225DOCTEUR ANTOINE HUART            COMPTE COURANT   0000000021851Q
0430003661003957EUR2 000206135012803122500031225CARTE X3405 02/12 HAZAL          00010000 0000000000335}
0430003661003957EUR2 000206135012803122500031225CARTE X3405 01/12 E.LECLERC      00010000 0000000001182O
0430003432003957EUR2 00020613501B103122500031225FACTURE F2510APST BTP RP         49631440 0000000001200}6304963144
0530003    03957EUR2 00020613501B1031225     NBEAPST BTP RP
0530003    03957EUR2 00020613501B1031225     IBEFR42ZZZ564861
0530003    03957EUR2 00020613501B1031225     LCCFACTURE F251056343
0530003    03957EUR2 00020613501B1031225     RCN1035419
0430003432003957EUR2 00020613501B103122500031225FACTURE F2510APST BTP RP         49631350 0000000003312}6304963135
0530003    03957EUR2 00020613501B1031225     NBEAPST BTP RP
0530003    03957EUR2 00020613501B1031225     IBEFR42ZZZ564861
0530003    03957EUR2 00020613501B1031225     LCCFACTURE F251061450
0530003    03957EUR2 00020613501B1031225     RCN1035529
0730003    03957EUR2 00020613501  031225                                                  0000000027881M
0130004    00171EUR2 00021524752  021225SARL MM AMENAGEMENT              COMPTE COURANT   0000000212483D
0730004    00171EUR2 00021524752  031225                                                  0000000212483D
0130004    00993EUR2 00010018856  021225AMBULANCES TLS                   COMPTE COURANT   0000000032075E
0730004    00993EUR2 00010018856  031225                                                  0000000032075E
0130004    00171EUR2 00010104672  021225SCI GHTE22600                                     0000000030046I
0430004056800171EUR2 0001010467218031225  031225SOLVAREA                         0000000  0000000013248F
0530004    00171EUR2 0001010467218031225     NPYSOLVAREA
0530004    00171EUR2 0001010467218031225     LCCINVFAC-0001362.11.2025
0530004    00171EUR2 0001010467218031225     RCNNOTPROVIDED
0530004    00171EUR2 0001010467218031225     PDOFR FRANCE
0730004    00171EUR2 00010104672  031225                                                  0000000043295E
0130004    00890EUR2 00021188093  021225L.I.V.IMMO                       COMPTE COURANT   0000004081032F
0730004    00890EUR2 00021188093  031225                                                  0000004081032F
0130004    00369EUR2 00010048264  021225SCI GJMF 2                    SCI GJMF 2          0000001040239E
0730004    00369EUR2 00010048264  031225                                                  0000001040239E
0130004    00993EUR2 00010007172  021225** PAS DE MOUVEMENT CE JOUR **                    0000002976379R
0430004000100993EUR2 0001000717201031225  021225CHEQUE N.8505601                 85056010 0000000001231L
0430004052900993EUR2 0001000717221031225  031225REMISE 0000002VIRTS REF -        -      0 0000000001298OREGLT 04122025
0530004    00993EUR2 0001000717221031225     REF-
0430004052900993EUR2 0001000717221031225  031225REMISE 0000004VIRTS REF -        -      0 0000000010755PREGLT 04122025
0530004    00993EUR2 0001000717221031225     REF-
0730004    00993EUR2 00010007172  031225                                                  0000002989665N
0130004    01877EUR2 00010092069  021225M&P                              COMPTE COURANT   0000000070359E
0430004056801877EUR2 0001009206918031225  031225CAMIEG                           0000000  0000000000420{0000007811433003
0530004    01877EUR2 0001009206918031225     NPYCAMIEG
0530004    01877EUR2 0001009206918031225     IPY0                                  BICORBEI
0530004    01877EUR2 0001009206918031225     LCC0000007811433003350021251202
0530004    01877EUR2 0001009206918031225     RCN0000007811433003350021251202       PENS
0530004    01877EUR2 0001009206918031225     PDOFR FRANCE
0430004056801877EUR2 0001009206918031225  031225CPAM EURE CDC                    0000000  0000000000537F0000007811433003
0530004    01877EUR2 0001009206918031225     NPYCPAM EURE CDC
0530004    01877EUR2 0001009206918031225     IPY0                                  BICORBEI
0530004    01877EUR2 0001009206918031225     LCC0000007811433003350700251202
0530004    01877EUR2 0001009206918031225     RCN0000007811433003350700251202
0530004    01877EUR2 0001009206918031225     PDOFR FRANCE
0430004056801877EUR2 0001009206918031225  031225C.P.A.M. CHARTRES                0000000  0000000001083H0000007811433003
0530004    01877EUR2 0001009206918031225     NPYC.P.A.M. CHARTRES
0530004    01877EUR2 0001009206918031225     IPY0                                  BICORBEI
0530004    01877EUR2 0001009206918031225     LCC0000007811433003357011251202
0530004    01877EUR2 0001009206918031225     RCN0000007811433003357011251202
0530004    01877EUR2 0001009206918031225     PDOFR FRANCE
0430004056801877EUR2 0001009206918031225  031225CPAM DES YVELINES                0000000  0000000027493H0000007811433003
0530004    01877EUR2 0001009206918031225     NPYCPAM DES YVELINES
0530004    01877EUR2 0001009206918031225     IPY0                                  BICORBEI
0530004    01877EUR2 0001009206918031225     LCC0000007811433003350351251202
0530004    01877EUR2 0001009206918031225     RCN0000007811433003350351251202       PENS
0530004    01877EUR2 0001009206918031225     PDOFR FRANCE
0730004    01877EUR2 00010092069  031225                                                  0000000099894G
0130004    02277EUR2 00010043423  021225GROUPE EMON                      COMPTE COURANT   0000000730626B
0730004    02277EUR2 00010043423  031225                                                  0000000730626B
0130004    02036EUR2 00010059845  021225L ABAT JOUR                      COMPTE COURANT   0000000000000{
0730004    02036EUR2 00010059845  031225                                                  0000000000000{
0130004    02414EUR2 00010263597  021225CITY GIRL                        COMPTE COURANT   0000000000000{
0730004    02414EUR2 00010263597  031225                                                  0000000000000{
0130004    00947EUR2 00010059474  021225LA FERME                         COMPTE COURANT   0000001795754{
0730004    00947EUR2 00010059474  031225                                                  0000001795754{
0130003    03708EUR2 00020103974  021225DECOFOR                          DECOFOR S.A.S    0000000783295{
0430003219003708EUR2 000201039741803122500031225LOYER        MME OROFFINO LOLA   00000000 0000000021196E6481587863S
0530003    03708EUR2 0002010397418031225     NPYMME OROFFINO LOLA
0530003    03708EUR2 0002010397418031225     LCCLOYER
0530003    03708EUR2 0002010397418031225     RCNNOT PROVIDED
0730003    03708EUR2 00020103974  031225                                                  0000000804491E
0130003    00716EUR2 00020134908  021225CAUVALEX MANUTENTION             COMPTE COURANT   0000004444084C
0430003501000716EUR2 00020134908C203122500031225REMB ERREUR PM. SYLVAIN COMPAGN  01853370 0000000000426A583780185337
0530003    00716EUR2 00020134908C2031225     NPYM. SYLVAIN COMPAGNON
0530003    00716EUR2 00020134908C2031225     LCCREMB ERREUR PHARMACIE
0530003    00716EUR2 00020134908C2031225     RCNREMB ERREUR PHARMACIE
0430003219000716EUR2 000201349081803122500031225DEVIS DE3745 SARL  ALVEOLE       00000000 0000000000583B6485456792S
0530003    00716EUR2 0002013490818031225     NPYSARL  ALVEOLE
0530003    00716EUR2 0002013490818031225     LCCDEVIS DE3745 DU 02/12/2025
0530003    00716EUR2 0002013490818031225     RCNNOT PROVIDED
0430003949000716EUR2 000201349082103122500031225000001 VIR EUROPEEN EMIS   NET   08361430 0000000003217K9533721538987
0530003    00716EUR2 0002013490821031225     NBEHENTGES/ CHAMPION
0530003    00716EUR2 0002013490821031225     REF CHAMPION FA E504284
0530003    00716EUR2 0002013490821031225     LCCCHAMPION FA E504284
0530003    00716EUR2 0002013490821031225     BDBSOGEFRPP
0430003949000716EUR2 000201349082103122500031225000001 VIR EUROPEEN EMIS   NET   08360200 0000000003480}9533721536455
0530003    00716EUR2 0002013490821031225     NBEMS HARROUDJ
0530003    00716EUR2 0002013490821031225     REF MS HARROUDJ AP-A25-MNS-09
0530003    00716EUR2 0002013490821031225     LCCMS HARROUDJ AP-A25-MNS-09
0530003    00716EUR2 0002013490821031225     BDBSOGEFRPP
0430003949000716EUR2 000201349082103122500031225000001 VIR EUROPEEN EMIS   NET   08359470 0000000008640}9533721534744
0530003    00716EUR2 0002013490821031225     NBEFULLVAC
0530003    00716EUR2 0002013490821031225     REF FULLVAC F26949
0530003    00716EUR2 0002013490821031225     LCCFULLVAC F26949
0530003    00716EUR2 0002013490821031225     BDBCCBPFRPPGRE
0430003949000716EUR2 000201349082103122500031225000001 VIR EUROPEEN EMIS   NET   08337320 0000000012443O9533721495064
0530003    00716EUR2 0002013490821031225     NBEDECOTECHNICS FRANCE
0530003    00716EUR2 0002013490821031225     REF TECHDENT FA 26061
0530003    00716EUR2 0002013490821031225     LCCTECHDENT FA 26061
0530003    00716EUR2 0002013490821031225     BDBCEPAFRPP382
0430003949000716EUR2 000201349082103122500031225000001 VIR EUROPEEN EMIS   NET   08341120 0000000016566Q9533721502290
0530003    00716EUR2 0002013490821031225     NBEGONDRAND
0530003    00716EUR2 0002013490821031225     REF GONDRAND FA 30501969
0530003    00716EUR2 0002013490821031225     LCCGONDRAND FA 30501969
0530003    00716EUR2 0002013490821031225     BDBSOGEFRPP
0430003949000716EUR2 000201349082103122500031225000001 VIR EUROPEEN EMIS   NET   08343560 0000000023487P9533721507348
0530003    00716EUR2 0002013490821031225     NBEDESSERTE FRANCILIENNE
0530003    00716EUR2 0002013490821031225     REF DESSERTE FRANCILIENNE FA 2511009
0530003    00716EUR2 0002013490821031225     LCCDESSERTE FRANCILIENNE FA 2511009
0530003    00716EUR2 0002013490821031225     BDBCMCIFRPP
0430003949000716EUR2 000201349082103122500031225000001 VIR EUROPEEN EMIS   NET   08370560 0000000034698}9533721559600
0530003    00716EUR2 0002013490821031225     NBECABE
0530003    00716EUR2 0002013490821031225     REF CABE FA 781+776
0530003    00716EUR2 0002013490821031225     LCCCABE FA 781+776
0530003    00716EUR2 0002013490821031225     BDBBCITITMM
0430003188000716EUR2 000201349086203122500021225RELEVE DE COMMISSIONS            00000001 0000000000168}
0530003    00716EUR2 0002013490862031225     LIBSOGECASH NET
0530003    00716EUR2 0002013490862031225     LIBN  200716533601526 DU 03/12/2025
0430003739000716EUR2 000201349084403122500031225000001 VIR INTL EMIS       TRAN  20095170 0000000018550}583732009517
0530003    00716EUR2 0002013490844031225     NBEBALKAN BD
0530003    00716EUR2 0002013490844031225     RCNBALKAN BUA2025143
0530003    00716EUR2 0002013490844031225     LCCBALKAN BUA2025143
0530003    00716EUR2 0002013490844031225     BDBODEATRISXXX ODEABANK A.S.
0430003661000716EUR2 000201349082803122500031225CARTE X7254 02/12 RELAIS CHAUMO  00010000 0000000001339RNTEL
0430003432000716EUR2 00020134908B1031225000312251046621195635PAYPAL (EUROPE) S.  53339430 0000000000274}6315333943
0530003    00716EUR2 00020134908B1031225     NBEPAYPAL (EUROPE) S.A R.L. ET CIE  S.C.A.
0530003    00716EUR2 00020134908B1031225     IBELU96ZZZ0000000000000000058
0530003    00716EUR2 00020134908B1031225     LCC1046621195635 PAYPAL
0530003    00716EUR2 00020134908B1031225     RCN1046621195635 PAYPAL VIREMENT
0730003    00716EUR2 00020134908  031225                                                  0000004322228D
0130003    03735EUR2 00020069583  021225L'ETINCELLE                      COMPTE COURANT   0000000623792H
0730003    03735EUR2 00020069583  031225                                                  0000000623792H
0130003    03700EUR2 00020042064  021225ABC TELECOM                      COMPTE COURANT   0000000151835I
0430003219003700EUR2 00020042064180312250003122525-10/1656HPETRESORERIE HOSPITA  00000000 0000000008976{6390262403S
0530003    03700EUR2 0002004206418031225     NPYTRESORERIE HOSPITALIERE DEPARTEMENT DU VAL DE MARNE
0530003    03700EUR2 0002004206418031225     NPOHPEVM
0530003    03700EUR2 0002004206418031225     LCC25-10/1656HPEVM
0530003    03700EUR2 0002004206418031225     RCN1609400805010001122025-68401
0430003219003700EUR2 00020042064180312250003122525-10/1647HPETRESORERIE HOSPITA  00000000 0000000008400{6390262412S
0530003    03700EUR2 0002004206418031225     NPYTRESORERIE HOSPITALIERE DEPARTEMENT DU VAL DE MARNE
0530003    03700EUR2 0002004206418031225     NPOHPEVM
0530003    03700EUR2 0002004206418031225     LCC25-10/1647HPEVM
0530003    03700EUR2 0002004206418031225     RCN1609400805010001122025-68400
0730003    03700EUR2 00020042064  031225                                                  0000000169211I
0130003    03733EUR2 00020249977  021225SAS NOOSA PIZZA   SERVAIS INGRID COMPTE COURANT   0000000988208D
0730003    03733EUR2 00020249977  031225                                                  0000000988208D
0130003    03705EUR2 00020750614  021225AGP RENOVATION                   COMPTE COURANT   0000019862402H
0430003219003705EUR2 000207506141803122500031225VIR RECU     CAISSE ASSURANCE V  00000000 0000000052357{6481160136S
0530003    03705EUR2 0002075061418031225     NPYCAISSE ASSURANCE VIEILLESSE PHARMACIE
0530003    03705EUR2 0002075061418031225     RCNCHRETIEN - VIDEOSURVEILLANCE
0530003    03705EUR2 0002075061418031225     IPY78433888100021
0430003219003705EUR2 000207506141803122500031225VIR RECU     CAISSE ASSURANCE V  00000000 0000000048134I6481160145S
0530003    03705EUR2 0002075061418031225     NPYCAISSE ASSURANCE VIEILLESSE PHARMACIE
0530003    03705EUR2 0002075061418031225     RCNCHRETIEN - INSTALLATION HAUTE TENSI
0530003    03705EUR2 0002075061418031225     IPY78433888100021
0430003219003705EUR2 000207506141803122500031225VIR RECU     CAISSE ASSURANCE V  00000000 0000000005520{6481271631S
0530003    03705EUR2 0002075061418031225     NPYCAISSE ASSURANCE VIEILLESSE PHARMACIE
0530003    03705EUR2 0002075061418031225     RCNCHRETIEN - SALLE DU CONSEIL - CHGT
0530003    03705EUR2 0002075061418031225     IPY78433888100021
0430003219003705EUR2 000207506141803122500031225VIR RECU     CAISSE ASSURANCE V  00000000 0000000002190{6481271640S
0530003    03705EUR2 0002075061418031225     NPYCAISSE ASSURANCE VIEILLESSE PHARMACIE
0530003    03705EUR2 0002075061418031225     RCNCHRETIEN - ANJ - LAVABO BOUCHE LOCA
0530003    03705EUR2 0002075061418031225     IPY78433888100021
0430003219003705EUR2 000207506141803122500031225VIR RECU     CAISSE ASSURANCE V  00000000 0000000002190{6481271659S
0530003    03705EUR2 0002075061418031225     NPYCAISSE ASSURANCE VIEILLESSE PHARMACIE
0530003    03705EUR2 0002075061418031225     RCNCHRETIEN - ACCOMP TECHNICIEN ORANGE
0530003    03705EUR2 0002075061418031225     IPY78433888100021
0430003949003705EUR2 000207506142103122500031225000001 VIR EUROPEEN EMIS   NET   26449280 0000000002498}9533721717793
0530003    03705EUR2 0002075061421031225     NBEAIR LIQUIDE
0530003    03705EUR2 0002075061421031225     REF AIR LIQUIDE-5800577867
0530003    03705EUR2 0002075061421031225     LCCAIR LIQUIDE-5800577867
0530003    03705EUR2 0002075061421031225     BDBBNPAFRPP
0430003949003705EUR2 000207506142103122500031225000001 VIR EUROPEEN EMIS   NET   26479130 0000000500000}9533721778692
0530003    03705EUR2 0002075061421031225     NBESATEM SAS
0530003    03705EUR2 0002075061421031225     REF 032025337217786920000000
0530003    03705EUR2 0002075061421031225     BDBSOGEFRPP
0530003    03705EUR2 0002075061421031225     LEM                                   032025337217786920000000 001 VI
0430003432003705EUR2 00020750614B103122500031225FACTURE F2510APST BTP RP         19042700 0000000000600}6301904270
0530003    03705EUR2 00020750614B1031225     NBEAPST BTP RP
0530003    03705EUR2 00020750614B1031225     IBEFR42ZZZ564861
0530003    03705EUR2 00020750614B1031225     LCCFACTURE F251053153
0530003    03705EUR2 00020750614B1031225     RCN1032821
0430003432003705EUR2 00020750614B103122500031225FACTURE F2510APST BTP RP         19042610 0000000001656}6301904261
0530003    03705EUR2 00020750614B1031225     NBEAPST BTP RP
0530003    03705EUR2 00020750614B1031225     IBEFR42ZZZ564861
0530003    03705EUR2 00020750614B1031225     LCCFACTURE F251058852
0530003    03705EUR2 00020750614B1031225     RCN1034542
0430003416003705EUR2 000207506147203122500031225ECHEANCE PRET N 223324101655     41016551 0000000004491Q
0530003    03705EUR2 0002075061472031225     LIBCAPITAL AMORTI   428 88
0530003    03705EUR2 0002075061472031225     LIBINTERETS   20 30
0530003    03705EUR2 0002075061472031225     LIBCAPITAL RESTANT   5 706 37
0530003    03705EUR2 0002075061472031225     LIBDATE PREVISIONNELLE  DE FIN   03/01/2027
0730003    03705EUR2 00020750614  031225                                                  0000019463548I
0130003    03540EUR2 00020324448  021225SCI LES PETITS PRES              COMPTE COURANT   0000000103884I
0430003188003540EUR2 000203244486203122500021225FRAIS PAIEMENT HORS ZONE EURO    00000001 0000000000011O
0530003    03540EUR2 0002032444862031225     LIBCARTE X4740
0530003    03540EUR2 0002032444862031225     LIB30/11 63 00 MAD MAROC
0730003    03540EUR2 00020324448  031225                                                  0000000103873C