0110207    00013EUR2 22218401015  021225BOUCHERIE EL MANAR               COMPTE COURANT   0000000506233D
0410207008000013EUR2E2221840101505031225  031225VIREMENT                         1067016000000000026000{
0510207    00013EUR2 2221840101505031225     LIBVIR JCV OPTIC OPTICAL SE
0710207    00013EUR2 22218401015  031225                                                  0000000532233D
0110807    00452EUR2 42221189809  021225SCI JMCH GROUPE LEMOINE          COMPTE COURANT   0000000071078D
0710807    00452EUR2 42221189809  031225                                                  0000000071078D
0110107    00175EUR2 00829015123  021225LUCAS OPTIK                      COMPTE COURANT   0000005009829E
0710107    00175EUR2 00829015123  031225                                                  0000005009829E
0110807    00455EUR2 62221127195  021225SAS NOOSA PIZZA   SERVAIS INGRID COMPTE COURANT   0000000125646F
0410807053700455EUR2E6222112719508031225  031225EUROPRELEVEMENT                  01740TY100000000001261M
0510807    00455EUR2 6222112719508031225     LIBMNRA-050150959N-PERI16221-202104
0510807    00455EUR2 6222112719508031225     LIBPRLV SEPA GARANCE RETRAI
0410807021400455EUR2E6222112719511031225  031225FACTURE CB                       FIHWVTM100000000001219NAMAZON EU SARL F
0510807    00455EUR2 6222112719511031225     LIBAMAZON EU SARL FRA PARIS
0510807    00455EUR2 6222112719511031225     LIB121 95EUR 1 EURO   1 000000
0510807    00455EUR2 6222112719511031225     LIB301125 CB****8220
0710807    00455EUR2 62221127195  031225                                                  0000000123165G
0118707    00700EUR2 31521986242  021225SCI LES PETITS PRES              COMPTE COURANT   0000000008425C
0418707052200700EUR2E3152198624206031225  031225VIR SEPA PERM                    1577637100000000003000}
0518707    00700EUR2 3152198624206031225     LIBVIR M OU MME LYS SOTH PH
0718707    00700EUR2 31521986242  031225                                                  0000000005425C
0110907    00457EUR2 60021830601  021225SCI JMCH GROUPE LEMOINE          COMPTE COURANT   0000000652234{
0410907050500457EUR2E6002183060105031225  031225VIREMENT SEPA                    FGFEWBK100000000004000{CERTIFICAT ADMIN
0510907    00457EUR2 6002183060105031225     LIBCERTIFICAT ADMINISTRATIF MARCHE
0510907    00457EUR2 6002183060105031225     LIBERREUR PENALITE - DC4 SIGNATURE
0510907    00457EUR2 6002183060105031225     LIBEVI SGC CASTRES GIRONDE
0510907    00457EUR2 6002183060105031225     MMOEUR2000000000400000000000000000
0510907    00457EUR2 6002183060105031225     NPYSGC CASTRES GIRONDE CREON
0510907    00457EUR2 6002183060105031225     NBEREVETEMENTS DURET SOLS
0510907    00457EUR2 6002183060105031225     LCCCERTIFICAT ADMINISTRATIF MARCHE ERREUR PENALITE - DC4 SIGNATURE - RIB
0510907    00457EUR2 6002183060105031225     LC2CERTIFICAT ADMINISTRATIF MARCHE ERREUR PENALITE - DC4 SIGNATURE - RIB
0510907    00457EUR2 6002183060105031225     RCN1603302502110028112025-1090
0410907021400457EUR2E6002183060111031225  031225PAIEMENT CARTE                   FIHVHWP100000000000336QCEF MERIGNAC   F
0510907    00457EUR2 6002183060111031225     LIBCEF MERIGNAC   FR 33MERIGNAC
0510907    00457EUR2 6002183060111031225     LIB33 68EUR 1 EURO   1 000000
0510907    00457EUR2 6002183060111031225     LIB021225 CB****4343
0710907    00457EUR2 60021830601  031225                                                  0000000655897B
0110107    00232EUR2 00617082033  021225SCI DU HANGAR                    COMPTE COURANT   0000000003530D
0710107    00232EUR2 00617082033  031225                                                  0000000003530D
0110807    00449EUR2 72421682522  021225EGV HOLDING                      COMPTE COURANT   0000000707067C
0710807    00449EUR2 72421682522  031225                                                  0000000707067C
0110807    00449EUR2 12421436392  021225EI SALON INES D                  COMPTE COURANT   0000000241156C
0410807050500449EUR2E1242143639205031225  031225EUROVIREM. SEPA                  FI2X2EQ100000000004600{
0510807    00449EUR2 1242143639205031225     LIBLOYER
0510807    00449EUR2 1242143639205031225     LIBEVI KEIRSSE DRAPIER
0510807    00449EUR2 1242143639205031225     MMOEUR2000000000460000000000000000
0510807    00449EUR2 1242143639205031225     NPYKEIRSSE DRAPIER
0510807    00449EUR2 1242143639205031225     NBESCI 4 B
0510807    00449EUR2 1242143639205031225     LCCLOYER
0510807    00449EUR2 1242143639205031225     RCNZZ1JI9S3KGU2B2IAT
0710807    00449EUR2 12421436392  031225                                                  0000000245756C
0114707    06909EUR2 32521841963  021225EIRL M ZHANG MARC                COMPTE COURANT   0000000392312B
0414707050506909EUR2E3252184196305031225  031225VIREMENT SEPA                    FGFEWPV000000000000300{0000001010204023
0514707    06909EUR2 3252184196305031225     LIB0000001010204023312109251128
0514707    06909EUR2 3252184196305031225     LIBEVI DDFIP DU VAR
0514707    06909EUR2 3252184196305031225     MMOEUR2000000000030000000000000000
0514707    06909EUR2 3252184196305031225     NPYDDFIP DU VAR
0514707    06909EUR2 3252184196305031225     NBEEI - HUGOT JULIEN
0514707    06909EUR2 3252184196305031225     LCC0000001010204023312109251128
0514707    06909EUR2 3252184196305031225     RCN1D0830000CNMSSPRESTA75625332002366
0414707050506909EUR2E3252184196305031225  031225VIREMENT SEPA                    FGFFCL5000000000000350{0000001010204023
0514707    06909EUR2 3252184196305031225     LIB0000001010204023352400251202
0514707    06909EUR2 3252184196305031225     LIBEVI CPAM DE LA COTE D OR
0514707    06909EUR2 3252184196305031225     MMOEUR2000000000035000000000000000
0514707    06909EUR2 3252184196305031225     NPYCPAM DE LA COTE D OR
0514707    06909EUR2 3252184196305031225     IPY0
0514707    06909EUR2 3252184196305031225     NBEEI - HUGOT JULIEN
0514707    06909EUR2 3252184196305031225     LCC0000001010204023352400251202
0514707    06909EUR2 3252184196305031225     RCN0000001010204023352400251202
0414707050506909EUR2E3252184196305031225  031225VIREMENT SEPA                    FGFFCWV000000000000565{0000001010204023
0514707    06909EUR2 3252184196305031225     LIB0000001010204023359190251202
0514707    06909EUR2 3252184196305031225     LIBEVI CPAM DE HAUTE-SAONE
0514707    06909EUR2 3252184196305031225     MMOEUR2000000000056500000000000000
0514707    06909EUR2 3252184196305031225     NPYCPAM DE HAUTE-SAONE
0514707    06909EUR2 3252184196305031225     IPY0
0514707    06909EUR2 3252184196305031225     NBEEI - HUGOT JULIEN
0514707    06909EUR2 3252184196305031225     LCC0000001010204023359190251202
0514707    06909EUR2 3252184196305031225     RCN0000001010204023359190251202
0414707050506909EUR2E3252184196305031225  031225VIREMENT SEPA                    FGFFDVP000000000000903{0000001010204023
0514707    06909EUR2 3252184196305031225     LIB0000001010204023350021251202
0514707    06909EUR2 3252184196305031225     LIBEVI CAMIEG
0514707    06909EUR2 3252184196305031225     MMOEUR2000000000090300000000000000
0514707    06909EUR2 3252184196305031225     NPYCAMIEG
0514707    06909EUR2 3252184196305031225     IPY0
0514707    06909EUR2 3252184196305031225     NBEEI - HUGOT JULIEN
0514707    06909EUR2 3252184196305031225     LCC0000001010204023350021251202
0514707    06909EUR2 3252184196305031225     RCN0000001010204023350021251202
0414707050506909EUR2E3252184196305031225  031225VIREMENT SEPA                    FGFFD90000000000000507E0000001010204023
0514707    06909EUR2 3252184196305031225     LIB0000001010204023357060251202
0514707    06909EUR2 3252184196305031225     LIBEVI CPAM SAONE ET LOIRE
0514707    06909EUR2 3252184196305031225     MMOEUR2000000000050750000000000000
0514707    06909EUR2 3252184196305031225     NPYCPAM SAONE ET LOIRE
0514707    06909EUR2 3252184196305031225     IPY0
0514707    06909EUR2 3252184196305031225     NBEEI - HUGOT JULIEN
0514707    06909EUR2 3252184196305031225     LCC0000001010204023357060251202
0514707    06909EUR2 3252184196305031225     RCN0000001010204023357060251202
0414707050506909EUR2E3252184196305031225  031225VIREMENT SEPA                    FI2X2JM000000000051127G0000001010204023
0514707    06909EUR2 3252184196305031225     LIB0000001010204023357030251202
0514707    06909EUR2 3252184196305031225     LIBEVI C.P.A.M. TROYES
0514707    06909EUR2 3252184196305031225     MMOEUR2000000005112770000000000000
0514707    06909EUR2 3252184196305031225     NPYC.P.A.M. TROYES
0514707    06909EUR2 3252184196305031225     IPY0
0514707    06909EUR2 3252184196305031225     NBEEI - HUGOT JULIEN
0514707    06909EUR2 3252184196305031225     LCC0000001010204023357030251202
0514707    06909EUR2 3252184196305031225     RCN0000001010204023357030251202
0414707050506909EUR2E3252184196305031225  031225VIREMENT SEPA                    FI2X0E8000000000000300{0000001010204023
0514707    06909EUR2 3252184196305031225     LIB0000001010204023354802251202
0514707    06909EUR2 3252184196305031225     LIBEVI CPAM DE L OISE
0514707    06909EUR2 3252184196305031225     MMOEUR2000000000030000000000000000
0514707    06909EUR2 3252184196305031225     NPYCPAM DE L OISE
0514707    06909EUR2 3252184196305031225     IPY0
0514707    06909EUR2 3252184196305031225     NBEEI - HUGOT JULIEN
0514707    06909EUR2 3252184196305031225     LCC0000001010204023354802251202
0514707    06909EUR2 3252184196305031225     RCN0000001010204023354802251202
0414707050506909EUR2E3252184196305031225  031225VIREMENT SEPA                    FI2XAGM000000000000430E0000001010204023
0514707    06909EUR2 3252184196305031225     LIB0000001010204023353530251202
0514707    06909EUR2 3252184196305031225     LIBEVI C.P.A.M. CHAUMONT
0514707    06909EUR2 3252184196305031225     MMOEUR2000000000043050000000000000
0514707    06909EUR2 3252184196305031225     NPYC.P.A.M. CHAUMONT
0514707    06909EUR2 3252184196305031225     IPY0
0514707    06909EUR2 3252184196305031225     NBEEI - HUGOT JULIEN
0514707    06909EUR2 3252184196305031225     LCC0000001010204023353530251202
0514707    06909EUR2 3252184196305031225     RCN0000001010204023353530251202
0414707050506909EUR2E3252184196305031225  031225VIREMENT SEPA                    FI2XSWX000000000001368E2025120100000010
0514707    06909EUR2 3252184196305031225     LIB2025120100000010102040 02521000
0514707    06909EUR2 3252184196305031225     LIBEVI MSA SUD CHAMPAGNE
0514707    06909EUR2 3252184196305031225     MMOEUR2000000000136850000000000000
0514707    06909EUR2 3252184196305031225     NPYMSA SUD CHAMPAGNE
0514707    06909EUR2 3252184196305031225     IPY30357426300016
0514707    06909EUR2 3252184196305031225     NBEDR HUGOT JULIEN
0514707    06909EUR2 3252184196305031225     LCC2025120100000010102040 02521000
0514707    06909EUR2 3252184196305031225     RCN2025120100000010102040 02521000
0414707050506909EUR2E3252184196305031225  031225VIREMENT SEPA                    FI2Y1FV000000000000650{A001JBN000246810
0514707    06909EUR2 3252184196305031225     LIBA001JBN000246810
0514707    06909EUR2 3252184196305031225     LIBEVI EMEIS
0514707    06909EUR2 3252184196305031225     MMOEUR2000000000065000000000000000
0514707    06909EUR2 3252184196305031225     NPYEMEIS
0514707    06909EUR2 3252184196305031225     NBEJULIEN HUGOT
0514707    06909EUR2 3252184196305031225     LCCA001JBN000246810
0514707    06909EUR2 3252184196305031225     RCNA001-001633085-5656440445-05
0714707    06909EUR2 32521841963  031225                                                  0000000448814D
0110107    00175EUR2 00214026605  021225SC AJC CONSEILS                  COMPTE COURANT   0000008112967C
0410107056900175EUR2E0021402660505031225  031225VIREMENT SEPA RECU   569    000  2818547  0000000237966E
0510107    00175EUR2 0021402660505031225     NPYNHOOD SERVICES FRANCE
0510107    00175EUR2 0021402660505031225     LCCVIREMENT
0510107    00175EUR2 0021402660505031225     RCNTRISCT030493
0510107    00175EUR2 0021402660505031225     LIBSOGEFRPPXXX
0410107039300175EUR2E0021402660562021225  011225ABNT COM BANCAIRE    393    000   0214960 0000000000360}
0510107    00175EUR2 0021402660562021225     LIB(DONT HORS TAXE E.30 00  TVA TAUX 20 00   E.6 00)
0410107035500175EUR2E0021402660562021225  011225ABONT LOGICIEL TURBO 355    000   0214970 0000000000600}
0510107    00175EUR2 0021402660562021225     LIB(DONT HORS TAXE E.50 00  TVA TAUX 20 00   E.10 00)
0410107051800175EUR2E00214026605B1031225  031225PRELEVEMENT SEPA     518    000  28175730 0000000012789O
0510107    00175EUR2 00214026605B1031225     NBELIBERTY ELECTRIC MOTION
0510107    00175EUR2 00214026605B1031225     IBEFR87ZZZ595576                      SEPA
0510107    00175EUR2 00214026605B1031225     RUMLEM/PROTECTIM SECURITY GROUP       RCUR
0510107    00175EUR2 00214026605B1031225     RCNF25111533
0410107051800175EUR2E00214026605B1031225  031225PRELEVEMENT SEPA     518    000  28178340 0000000030812Q
0510107    00175EUR2 00214026605B1031225     NBEUPEP CARDINET
0510107    00175EUR2 00214026605B1031225     LCCFACTURE NO.  340192
0510107    00175EUR2 00214026605B1031225     IBEFR36ZZZ449345                      SEPA
0510107    00175EUR2 00214026605B1031225     RUMACCCAR1559                         RCUR
0510107    00175EUR2 00214026605B1031225     RCNCAAR017FSF2011202500VY
0410107051800175EUR2E00214026605B1031225  031225PRELEVEMENT SEPA     518    000  28183930 0000000000129K
0510107    00175EUR2 00214026605B1031225     NBEGC RE MANGOPAY
0510107    00175EUR2 00214026605B1031225     LCCVB00851049 EVCHARGE
0510107    00175EUR2 00214026605B1031225     IBEGB66ZZZSDDBARC0000007495895019     SEPA
0510107    00175EUR2 00214026605B1031225     RUM85C29PM                            RCUR
0510107    00175EUR2 00214026605B1031225     RCND-004E1RBPWWBJ
0710107    00175EUR2 00214026605  031225                                                  0000008306242B
0110107    00175EUR2 00617054596  021225CHOUFFEUR ANTONY                                  0000000372068B
0410107056900175EUR2E0061705459605031225  031225VIREMENT SEPA RECU   569    000  2819622  0000000074000{
0510107    00175EUR2 0061705459605031225     NPYMME MANGUITUKA CIDEME F
0510107    00175EUR2 0061705459605031225     LCCVIREMENT DE FRANCOISE MANGUITUKA SIMAO
0510107    00175EUR2 0061705459605031225     RCNNOT PROVIDED
0510107    00175EUR2 0061705459605031225     LIBBOUSFRPPXXX
0410107087600175EUR2E00617054596C1031225  031225VIREMENT INST. EMIS  876    000  DCFBF930 0000000025000}
0510107    00175EUR2 00617054596C1031225     NBERICORDEAU
0510107    00175EUR2 00617054596C1031225     LCCPAIE NOVEMBRE
0510107    00175EUR2 00617054596C1031225     RCNNOTPROVIDED
0510107    00175EUR2 00617054596C1031225     LIBPSSTFRPPSCE
0510107    00175EUR2 00617054596C1031225     LIB03/12/2025 18 45 12 CET
0410107051800175EUR2E00617054596B1031225  031225PRELEVEMENT SEPA     518    000  28184090 0000000001790}
0510107    00175EUR2 00617054596B1031225     NBECOYOTE
0510107    00175EUR2 00617054596B1031225     LCCFR56755598
0510107    00175EUR2 00617054596B1031225     IBEFR36ZZZ508515                      SEPA
0510107    00175EUR2 00617054596B1031225     RUMID-MOP4914178                      RCUR
0510107    00175EUR2 00617054596B1031225     RCNFR56755598-20251202044931374
0710107    00175EUR2 00617054596  031225                                                  0000000419278B
0110107    00175EUR2 00219034207  021225LK DEVELOPPEMENT                 COMPTE COURANT   0000001610903A
0410107056900175EUR2E0021903420705031225  031225VIREMENT SEPA RECU   569    000  2818750  0000000007200{
0510107    00175EUR2 0021903420705031225     NPYPENELOPE L'AGENCE
0510107    00175EUR2 0021903420705031225     RCNSAT (SECURITY ACADEMY TRAINING) 06
0510107    00175EUR2 0021903420705031225     IPY82453918300015
0510107    00175EUR2 0021903420705031225     IPY82453918300015
0510107    00175EUR2 0021903420705031225     LIBBNPAFRPPPEE
0410107056900175EUR2E0021903420705031225  031225VIREMENT SEPA RECU   569    000  2818750  0000000007200{
0510107    00175EUR2 0021903420705031225     NPYPENELOPE L'AGENCE
0510107    00175EUR2 0021903420705031225     RCNSAT (SECURITY ACADEMY TRAINING) 18
0510107    00175EUR2 0021903420705031225     IPY82453918300015
0510107    00175EUR2 0021903420705031225     IPY82453918300015
0510107    00175EUR2 0021903420705031225     LIBBNPAFRPPPEE
0710107    00175EUR2 00219034207  031225                                                  0000001625303A
0110107    00175EUR2 00013053704  021225NORTRADE INTERNATIONAL           COMPTE COURANT   0000000000000{
0710107    00175EUR2 00013053704  031225                                                  0000000000000{
0114707    03909EUR2 32821397320  021225LE BOLAT                         COMPTE COURANT   0000000014381A
0714707    03909EUR2 32821397320  031225                                                  0000000014381A
0110807    00449EUR2 72419307251  021225S.C.I. DAM                       COMPTE COURANT   0000000001603H
0410807022600449EUR2E7241930725191031225  021225ECHEANCE PRET                    8815698000000000003861QDONT CAP    316
0510807    00449EUR2 7241930725191031225     LIBDONT CAP    316 03 ASS.    0 00E
0510807    00449EUR2 7241930725191031225     LIB     INT.    70 15 COM.    0 00E
0710807    00449EUR2 72419307251  031225                                                  0000000002258}
0110807    00451EUR2 42221415109  021225SARL VALENCIENNES SERVICES       COMPTE COURANT   0000000023741B
0710807    00451EUR2 42221415109  031225                                                  0000000023741B
0110207    00044EUR2 22218236596  021225SNC LEITE 95                     SNC LEITE 95     0000000362082B
0410207050500044EUR2E2221823659605031225  031225EUROVIREMENT                     FGFEV1I000000000001281G0000007541851973
0510207    00044EUR2 2221823659605031225     LIB0000007541851973352201251202
0510207    00044EUR2 2221823659605031225     LIBEVI CPAM 75 PRESTATIONS
0510207    00044EUR2 2221823659605031225     MMOEUR2000000000128170000000000000
0510207    00044EUR2 2221823659605031225     NPYCPAM 75 PRESTATIONS
0510207    00044EUR2 2221823659605031225     IPY0
0510207    00044EUR2 2221823659605031225     NBEDANILOSKI MARIJA
0510207    00044EUR2 2221823659605031225     LCC0000007541851973352201251202
0510207    00044EUR2 2221823659605031225     RCN0000007541851973352201251202
0410207050500044EUR2E2221823659605031225  031225EUROVIREMENT                     FGFETNX000000000001033F0000007541851973
0510207    00044EUR2 2221823659605031225     LIB0000007541851973359271251202
0510207    00044EUR2 2221823659605031225     LIBEVI CPAM HAUTS DE SEINE
0510207    00044EUR2 2221823659605031225     MMOEUR2000000000103360000000000000
0510207    00044EUR2 2221823659605031225     NPYCPAM HAUTS DE SEINE SEPA
0510207    00044EUR2 2221823659605031225     IPY0
0510207    00044EUR2 2221823659605031225     NBEDANILOSKI MARIJA
0510207    00044EUR2 2221823659605031225     LCC0000007541851973359271251202
0510207    00044EUR2 2221823659605031225     RCN0000007541851973359271251202
0410207093600044EUR2E2221823659606031225  031225VIR INST PRO                     WFNZNAX100000000005450}P    L
0510207    00044EUR2 2221823659606031225     LIBPOUR LABORATOIRE LAMBERT
0510207    00044EUR2 2221823659606031225     LIBLABO LAMBERT 2 FACT NOV 2025
0510207    00044EUR2 2221823659606031225     LIBVIR INST LABORATOIRE LAM
0410207059300044EUR2E2221823659605031225  031225VIR INST                         WFO4VMA000000000002429HBIPT253370300891
0510207    00044EUR2 2221823659605031225     LIBBIPT253370300891695 C
0510207    00044EUR2 2221823659605031225     LIBNOTPROVIDED
0510207    00044EUR2 2221823659605031225     LIBVIR INST M ROBERT PRADER
0410207059300044EUR2E2221823659605031225  031225VIR INST                         WFO8YUB000000000000898AVK53373M30ZELX01
0510207    00044EUR2 2221823659605031225     LIBVK53373M30ZELX01
0510207    00044EUR2 2221823659605031225     LIBSOINS DU ROURE
0510207    00044EUR2 2221823659605031225     LIBVIR INST MME OLIVIA DU R
0710207    00044EUR2 22218236596  031225                                                  0000000362275D
0110207    00013EUR2 22216817715  021225SARL MM AMENAGEMENT              COMPTE COURANT   0000000243337C
0410207050500013EUR2E2221681771505031225  031225EUROVIREMENT                     FGFEQHT000000000048828{F202509-FCOQUELL
0510207    00013EUR2 2221681771505031225     LIBF202509-FCOQUELLEIDF250900187
0510207    00013EUR2 2221681771505031225     LIBEVI COQUELLE IDF SERVON
0510207    00013EUR2 2221681771505031225     MMOEUR2000000004882800000000000000
0510207    00013EUR2 2221681771505031225     NPYCOQUELLE IDF SERVON
0510207    00013EUR2 2221681771505031225     NBESCT TRANSPORTS
0510207    00013EUR2 2221681771505031225     LCCF202509-FCOQUELLEIDF250900187
0510207    00013EUR2 2221681771505031225     RCNF202509-FCOQUELLEIDF250900187
0710207    00013EUR2 22216817715  031225                                                  0000000292165C
0110107    00175EUR2 00417043837  021225MADIO                                             0000001708980B
0410107056900175EUR2E0041704383705031225  031225VIREMENT SEPA RECU   569    000  2818951  0000000033360{
0510107    00175EUR2 0041704383705031225     NPYDGFIP SCBCM MINEFI
0510107    00175EUR2 0041704383705031225     LCCVOS REF  F256261          NOS REF  FA EJ  1513212053 DP  2025 ADCE 010
0510107    00175EUR2 0041704383705031225     LC20350500 9470
0510107    00175EUR2 0041704383705031225     RCN159470000F256261         4000707164
0510107    00175EUR2 0041704383705031225     LIBBDFEFRPP
0410107056900175EUR2E0041704383705031225  031225VIREMENT SEPA RECU   569    000  2819369  0000000008820{
0510107    00175EUR2 0041704383705031225     NPYJM BRUNEAU
0510107    00175EUR2 0041704383705031225     LCCF245581
0510107    00175EUR2 0041704383705031225     RCNVTMP-011494306-5663449365-00
0510107    00175EUR2 0041704383705031225     LIBBREDFRPPXXX
0410107012000175EUR2E0041704383707031225  021225DOMICILIATIONS L.C.R 120    000  00000000 0000000003234O
0510107    00175EUR2 0041704383707031225     LIB                                                      ECH. 03122025
0510107    00175EUR2 0041704383707031225     LIB 000096 GLS FRANCE S.A.S.U        EUR          323 46 ECH. 30112025
0410107051800175EUR2E00417043837B1031225  031225PRELEVEMENT SEPA     518    000  28179860 0000000000595L
0510107    00175EUR2 00417043837B1031225     NBESENDCLOUD S.A.S.
0510107    00175EUR2 00417043837B1031225     LCCSENDCLOUD S.A.S. 3-25-FR0078120
0510107    00175EUR2 00417043837B1031225     IBENL48ZZZ342764500000                SEPA
0510107    00175EUR2 00417043837B1031225     RUMT7XCN4XPVJ6TF232                   RCUR
0510107    00175EUR2 00417043837B1031225     RCNN6N24Z2NF9QCDNG3
0710107    00175EUR2 00417043837  031225                                                  0000001747330C
0110207    00012EUR2 21217911983  021225SULINSKI DELPHINE                COMPTE COURANT   0000003200947I
0710207    00012EUR2 21217911983  031225                                                  0000003200947I
0114707    03909EUR2 32821639489  021225MENILLET COURTAGE                COMPTE COURANT   0000000207705B
0414707020603909EUR2E3282163948930031225  021225REM.CARTE BLEUE                  0086638100000000003200{
0514707    03909EUR2 3282163948930031225     LIB                - NB0001/142638
0514707    03909EUR2 3282163948930031225     LIBREMISE CB 5951627011
0414707061003909EUR2E3282163948962031225  031225COMMISSIONS CB                   0086638100000000000009O
0514707    03909EUR2 3282163948962031225     LIB                - NB0001/142638
0514707    03909EUR2 3282163948962031225     LIBCOM CB    5951627011
0414707053703909EUR2E3282163948908031225  031225PRLV SEPA                        0DUXW5A100000000000480K)9941687       4
0514707    03909EUR2 3282163948908031225     LIB)9941687       48 02E301125 COM
0514707    03909EUR2 3282163948908031225     LIB7A1EFEE9FAA8454CA376A6E6EC8D73B9
0514707    03909EUR2 3282163948908031225     LIBPRLV SEPA ONEY BANQUE AC
0414707053703909EUR2E3282163948908031225  031225PRLV SEPA                        0DVO0MW100000000000100R25EDFR00378122
0514707    03909EUR2 3282163948908031225     LIB25EDFR00378122
0514707    03909EUR2 3282163948908031225     LIB707E4A7ACEEF49F69ACDCCEE7A85621B
0514707    03909EUR2 3282163948908031225     LIBPRLV SEPA EDENRED FRANCE
0414707050503909EUR2E3282163948905031225  031225VIREMENT SEPA                    FI2WU7Q000000000000143FXXXX  20251201 0
0514707    03909EUR2 3282163948905031225     LIBXXXX  20251201 0088770706      5
0514707    03909EUR2 3282163948905031225     LIB1260030A
0514707    03909EUR2 3282163948905031225     LIBEVI GIE GROUPAMA TPG
0514707    03909EUR2 3282163948905031225     MMOEUR2000000000014360000000000000
0514707    03909EUR2 3282163948905031225     NPYGIE GROUPAMA TPG
0514707    03909EUR2 3282163948905031225     NBEOPTIQUE D.ERLON
0514707    03909EUR2 3282163948905031225     LCCXXXX  20251201 0088770706      51260030A
0514707    03909EUR2 3282163948905031225     RCN51260030A/00000000/0088770706
0414707076503909EUR2E3282163948904031225  021225DEPOT ESPECES                    EZ90259000000000003500{DEPOSIT
0514707    03909EUR2 3282163948904031225     LIBDEPOSIT
0414707004803909EUR2E3282163948902031225  041225REMISE CHEQUES                   3000475000000000017144B
0514707    03909EUR2 3282163948902031225     LIBREM   DE 4    CHEQUE(S)
0714707    03909EUR2 32821639489  031225                                                  0000000231102C
0114607    00060EUR2 71021130179  021225M AELBRECHT BAPTISTE             COMPTE COURANT   0000000591505D
0714607    00060EUR2 71021130179  031225                                                  0000000591505D
0110807    00455EUR2 62321074944  021225R&S GROUP                        CCE R&S GROUP    0000000065654P
0410807050500455EUR2E6232107494405031225  031225EUROVIREM. SEPA                  FGFEM35100000000000265{0000005850018783
0510807    00455EUR2 6232107494405031225     LIB0000005850018783355830251202
0510807    00455EUR2 6232107494405031225     LIBEVI CPAM DE LA NIEVRE
0510807    00455EUR2 6232107494405031225     MMOEUR2000000000026500000000000000
0510807    00455EUR2 6232107494405031225     NPYCPAM DE LA NIEVRE
0510807    00455EUR2 6232107494405031225     IPY0
0510807    00455EUR2 6232107494405031225     NBEPINO MARTINEZ KARINE
0510807    00455EUR2 6232107494405031225     LCC0000005850018783355830251202
0510807    00455EUR2 6232107494405031225     RCN0000005850018783355830251202
0410807020600455EUR2E6232107494430031225  031225REMISE CB                        0006950100000000002026DBRUT      203 42
0510807    00455EUR2 6232107494430031225     LIBBRUT      203 42E - COM    0 78E
0510807    00455EUR2 6232107494430031225     LIB                - NB0007/166950
0510807    00455EUR2 6232107494430031225     LIBREMISE CB 5075358014
0410807050500455EUR2E6232107494405031225  031225EUROVIREM. SEPA                  FI2X1MN100000000000265{2025112800000058
0510807    00455EUR2 6232107494405031225     LIB2025112800000058500187   751000
0510807    00455EUR2 6232107494405031225     LIBEVI CCAS DE LA RATP
0510807    00455EUR2 6232107494405031225     MMOEUR2000000000026500000000000000
0510807    00455EUR2 6232107494405031225     NPYCCAS DE LA RATP
0510807    00455EUR2 6232107494405031225     NBEPINO MARTINEZ KARINE
0510807    00455EUR2 6232107494405031225     IBE58500187
0510807    00455EUR2 6232107494405031225     LCC2025112800000058500187   751000
0510807    00455EUR2 6232107494405031225     RCN2025112800000058500187   751000
0710807    00455EUR2 62321074944  031225                                                  0000000063098L
0110807    00449EUR2 25019722433  021225LA PAUSE DETENTE                 COMPTE COURANT   0000000013925B
0710807    00449EUR2 25019722433  031225                                                  0000000013925B
0110807    00449EUR2 72321610536  021225L'EPICURIEN                      COMPTE COURANT   0000000058641I
0710807    00449EUR2 72321610536  031225                                                  0000000058641I
0113507    00161EUR2 32251542512  021225CSE STOKOMANI OEUVRES SOCIALES   COMPTE COURANT   0000000165721I
0413507004800161EUR2E3225154251202031225  041225REMISE CHEQUES                   3000065100000000002084{
0513507    00161EUR2 3225154251202031225     LIBREM  DE 8    CHEQUE(S)
0413507020600161EUR2E3225154251230031225  031225REM.CARTE BLEUE                  0254554100000000001431FBRUT      143 80
0513507    00161EUR2 3225154251230031225     LIBBRUT      143 80E - COM    0 64E
0513507    00161EUR2 3225154251230031225     LIB                - NB0005/161554
0513507    00161EUR2 3225154251230031225     LIBREMISE CB 5454303011
0413507020600161EUR2E3225154251230031225  031225REM.CARTE BLEUE                  0255156100000000006626CBRUT      666 30
0513507    00161EUR2 3225154251230031225     LIBBRUT      666 30E - COM    3 67E
0513507    00161EUR2 3225154251230031225     LIB                - NB0056/164156
0513507    00161EUR2 3225154251230031225     LIBREMISE CB 5454303011
0713507    00161EUR2 32251542512  031225                                                  0000000175863H
0110107    00228EUR2 00818058996  021225EURL PRARELO                     COMPTE COURANT   0000000382341D
0410107039300228EUR2E0081805899662021225  011225ABNT COM BANCAIRE    393    000   0203790 0000000000300}
0510107    00228EUR2 0081805899662021225     LIB(DONT HORS TAXE E.25 00  TVA TAUX 20 00   E.5 00)
0410107020700228EUR2E0081805899630031225  031225REMISE CB            207    000  0111081  0000000001980{
0510107    00228EUR2 0081805899630031225     LIBREF. 5801904002
0410107091300228EUR2E0081805899662031225  031225COMMISSION C.B.      913    000  01110810 0000000000005R
0510107    00228EUR2 0081805899662031225     LIB(DONT HORS TAXE E.0 49  TVA TAUX 20 00   E.0 10)
0510107    00228EUR2 0081805899662031225     LIBREF. 5801904002
0410107051800228EUR2E00818058996B1031225  031225PRELEVEMENT SEPA     518    000  28180530 0000000017918}
0510107    00228EUR2 00818058996B1031225     NBEBRED BANQUE POPULAIRE.
0510107    00228EUR2 00818058996B1031225     LCC599101/00-F25120010001771
0510107    00228EUR2 00818058996B1031225     IBEFR80ZZZ135437                      SEPA
0510107    00228EUR2 00818058996B1031225     RUM011370249311BG0001                 RCUR
0510107    00228EUR2 00818058996B1031225     RCN80976392
0710107    00228EUR2 00818058996  031225                                                  0000000366097E
0110807    00457EUR2 02321140195  021225SCI GHTE22600                                     0000000053001F
0410807050500457EUR2E0232114019505031225  031225EUROVIREM. SEPA                  FI2X81A100000000006080{MME COTET ANGELI
0510807    00457EUR2 0232114019505031225     LIBMME COTET ANGELIQUE SINISTRE VAI
0510807    00457EUR2 0232114019505031225     LIBLLANT LA MACHINE 2500105/B120341
0510807    00457EUR2 0232114019505031225     LIBEVI COTET ANGELIQUE
0510807    00457EUR2 0232114019505031225     MMOEUR2000000000608000000000000000
0510807    00457EUR2 0232114019505031225     NPYCOTET ANGELIQUE
0510807    00457EUR2 0232114019505031225     IPYCMCIFRPPXXX
0510807    00457EUR2 0232114019505031225     NBEVAILLANT LA MACHINE
0510807    00457EUR2 0232114019505031225     LCCMME COTET ANGELIQUE SINISTRE VAILLANT LA MACHINE 2500105/B1203419 DEGA
0510807    00457EUR2 0232114019505031225     LC2MME COTET ANGELIQUE SINISTRE VAILLANT LA MACHINE 2500105/B1203419 DEGA
0510807    00457EUR2 0232114019505031225     RCNVIRTS/692FFD0E/20251203
0710807    00457EUR2 02321140195  031225                                                  0000000059081F
0117807    00803EUR2 05421129155  021225SC AJC CONSEILS                  COMPTE COURANT   0000000018012A
0717807    00803EUR2 05421129155  031225                                                  0000000018012A
0116807    00386EUR2 42821066881  021225AUTO MOTO ECOLE TINQUEUX         COMPTE COURANT   0000000000296}
0716807    00386EUR2 42821066881  031225                                                  0000000000296}