0130066    10383EUR2 00020481063  011225EI AIGU MELANIE                  COMPTE COURANT   0000000531400E021225021225
0730066    10383EUR2 00020481063  021225                                                  0000000531400E
0110278    06062EUR2 00020942038  011225SC DIOT INVEST                   COMPTE COURANT   0000000007956I021225021225
0410278907806062EUR2 00020942038C2021225  021225VIR INST MLE SHANA RUCHON        0000000 00000000001500{
0510278    06062EUR2 00020942038C2021225     LIB150E MLLE KANTE
0510278    06062EUR2 00020942038C2021225     NOMMLE SHANA RUCHON                   SCI COMODRY
0510278    06062EUR2 00020942038C2021225     NBESCI COMODRY
0510278    06062EUR2 00020942038C2021225     NPYMLE SHANA RUCHON
0510278    06062EUR2 00020942038C2021225     LCC150E MLLE KANTE
0510278    06062EUR2 00020942038C2021225     RCN032025336207785670000001
0710278    06062EUR2 00020942038  021225                                                  0000000009456I
0130087    33780EUR2 00020051034  011225PLOMBERIE PLISSON                COMPTE COURANT   0000000050600{021225021225
0430087085533780EUR2 0002005103494011225  031225GDC 300873378000020050501        0050501 00000000007500{
0430087085533780EUR2 0002005103495011225  011225GDC 300873378000020050501        0050501100000000058100}
0430087023533780EUR2 0002005103404021225  021225007256646 PLV000023293 01122025  1122025 00000000019250{
0530087    33780EUR2 0002005103404021225     LIB1925 00   B MAGDIJON
0730087    33780EUR2 00020051034  021225                                                  0000000019250{