0110278    37531EUR2 00012903099  021225AU COEUR DES BEBES MAISON MEDICA COMPTE COURANT   0000000018957C021225031225
0710278    37531EUR2 00012903099  031225                                                  0000000018957C
0110278    37531EUR2 00012902099  021225AGP RENOVATION                   COMPTE COURANT   0000006303922A021225031225
0410278930537531EUR2 0001290209918031225  031225VIR MONSIEUR STEVE GAY           0000000 00000000001525D
0510278    37531EUR2 0001290209918031225     LIBFACTURE FC6015
0510278    37531EUR2 0001290209918031225     NOMMONSIEUR STEVE GAY                 VERNIS
0510278    37531EUR2 0001290209918031225     NBEVERNIS
0510278    37531EUR2 0001290209918031225     NPYMONSIEUR STEVE GAY
0510278    37531EUR2 0001290209918031225     RCNFACTURE FC6015
0510278    37531EUR2 0001290209918031225     CBEFR7610278375310001290990257
0410278930537531EUR2 0001290209918031225  031225VIR MS EBENISTERIE               0000000 00000000001028D
0510278    37531EUR2 0001290209918031225     LIB032025336207834230000001
0510278    37531EUR2 0001290209918031225     NOMMS EBENISTERIE                     VERNIS PLUS
0510278    37531EUR2 0001290209918031225     NBEVERNIS PLUS
0510278    37531EUR2 0001290209918031225     NPYMS EBENISTERIE
0510278    37531EUR2 0001290209918031225     LCCVERNIS  FC5845
0510278    37531EUR2 0001290209918031225     RCN032025336207834230000001
0510278    37531EUR2 0001290209918031225     CBEFR7610278375310001290990257
0410278930537531EUR2 0001290209918031225  031225VIR SAS   MGTEC                  0000000 00000000004333F
0510278    37531EUR2 0001290209918031225     LIBREFERENCE NON TRANSMISE
0510278    37531EUR2 0001290209918031225     NOMSAS   MGTEC                        VERNIS
0510278    37531EUR2 0001290209918031225     NBEVERNIS
0510278    37531EUR2 0001290209918031225     NPYSAS   MGTEC
0510278    37531EUR2 0001290209918031225     LCCVERNIS  F 6028
0510278    37531EUR2 0001290209918031225     RCNREFERENCE NON TRANSMISE
0510278    37531EUR2 0001290209918031225     REFT253360011876434
0510278    37531EUR2 0001290209918031225     CBEFR7610278375310001290990257
0410278930537531EUR2 0001290209918031225  031225VIR SARL LGB                     0000000 00000000031525B
0510278    37531EUR2 0001290209918031225     LIBFACTURE NR FC5961
0510278    37531EUR2 0001290209918031225     NOMSARL LGB                           VERNIS PLUS
0510278    37531EUR2 0001290209918031225     NBEVERNIS PLUS
0510278    37531EUR2 0001290209918031225     NPYSARL LGB
0510278    37531EUR2 0001290209918031225     LCCFACTURE NR FC5961
0510278    37531EUR2 0001290209918031225     RCNFACTURE NR FC5961
0510278    37531EUR2 0001290209918031225     REFF NR FC5961
0510278    37531EUR2 0001290209918031225     CBEFR7610278375310001290990257
0410278930537531EUR2 0001290209918031225  031225VIR SOCIETE BOIS ET AMENAGEM     0000000 00000000014926F
0510278    37531EUR2 0001290209918031225     LIB032025336205241270000007
0510278    37531EUR2 0001290209918031225     NOMSOCIETE BOIS ET AMENAGEMENT        VERNIS PLUS
0510278    37531EUR2 0001290209918031225     NBEVERNIS PLUS
0510278    37531EUR2 0001290209918031225     NPYSOCIETE BOIS ET AMENAGEMENT
0510278    37531EUR2 0001290209918031225     LCCSBA FC5851
0510278    37531EUR2 0001290209918031225     RCN032025336205241270000007
0510278    37531EUR2 0001290209918031225     CBEFR7610278375310001290990257
0410278930537531EUR2 0001290209918031225  031225VIR SIF                          0000000 00000000006640H
0510278    37531EUR2 0001290209918031225     LIB1764322437 3113721438
0510278    37531EUR2 0001290209918031225     NOMSIF                                VERNIS PLUS
0510278    37531EUR2 0001290209918031225     NBEVERNIS PLUS
0510278    37531EUR2 0001290209918031225     NPYSIF
0510278    37531EUR2 0001290209918031225     LCCFC5634
0510278    37531EUR2 0001290209918031225     RCN1764322437 3113721438
0510278    37531EUR2 0001290209918031225     REF38-FC5634
0510278    37531EUR2 0001290209918031225     CBEFR7610278375310001290990257
0410278930537531EUR2 0001290209918031225  031225VIR CENTTHOR                     0000000 00000000035629F
0510278    37531EUR2 0001290209918031225     LIB02/12/2025
0510278    37531EUR2 0001290209918031225     LIB 5911 DU 27/11/2025 ET FC 5191 DU 3
0510278    37531EUR2 0001290209918031225     NOMCENTTHOR                           VERNIS PLUS
0510278    37531EUR2 0001290209918031225     NBEVERNIS PLUS
0510278    37531EUR2 0001290209918031225     NPYCENTTHOR
0510278    37531EUR2 0001290209918031225     LCCREGLEMENT FACTURES FC5913 FC5912 FC 5911 DU 27/11/2025 ET FC 5191 DU 3
0510278    37531EUR2 0001290209918031225     LC21/08/2025
0510278    37531EUR2 0001290209918031225     RCN02/12/2025
0510278    37531EUR2 0001290209918031225     REFT253360012374400
0510278    37531EUR2 0001290209918031225     CBEFR7610278375310001290990257
0410278930537531EUR2 0001290209918031225  031225VIR BILLARDS BRETON              0000000 00000000018104E
0510278    37531EUR2 0001290209918031225     LIBVIR BILLARDS BRETON FACT FC5701
0510278    37531EUR2 0001290209918031225     NOMBILLARDS BRETON                    VERNIS PLUS
0510278    37531EUR2 0001290209918031225     NBEVERNIS PLUS
0510278    37531EUR2 0001290209918031225     NPYBILLARDS BRETON
0510278    37531EUR2 0001290209918031225     LCCVIR FACT FC5701
0510278    37531EUR2 0001290209918031225     RCNVIR BILLARDS BRETON FACT FC5701
0510278    37531EUR2 0001290209918031225     REFVERNISPLUS
0510278    37531EUR2 0001290209918031225     CBEFR7610278375310001290990257
0410278025037531EUR2 0001290209902031225  041225REM CHQ N5556442  REF1027837531  7837531 00000000006064H000001
0410278025037531EUR2 0001290209902031225  041225REM CHQ N5556443  REF1027837531  7837531 00000000006564{000001
0410278907837531EUR2 00012902099C2031225  031225VIR INST BATON ROMPU             0000000 00000000001156A
0510278    37531EUR2 00012902099C2031225     LIBDE7437
0510278    37531EUR2 00012902099C2031225     NOMBATON ROMPU                        VERNISH   TECHNIQUE EN PLUS
0510278    37531EUR2 00012902099C2031225     NBEVERNISH   TECHNIQUE EN PLUS
0510278    37531EUR2 00012902099C2031225     NPYBATON ROMPU
0510278    37531EUR2 00012902099C2031225     LCCDE7437
0510278    37531EUR2 00012902099C2031225     RCNSCTINSTOUTZZT5SFPERPGLB6CXLOABIW
0410278900237531EUR2 0001290209906031225  031225VIR F-2023-35 SANDIEGO INVEST    0000000000000000250800}
0410278930537531EUR2 0001290209918031225  031225VIR SUN GLASS FRANCE             0000000 00000000002408{
0510278    37531EUR2 0001290209918031225     LIBVIR-SUNGLASSFRANCE-02122025-376
0510278    37531EUR2 0001290209918031225     NOMSUN GLASS FRANCE                   VERNIS PLUS
0510278    37531EUR2 0001290209918031225     NBEVERNIS PLUS
0510278    37531EUR2 0001290209918031225     NPYSUN GLASS FRANCE
0510278    37531EUR2 0001290209918031225     LCCVERNIS PLUS FACTURE FC5917
0510278    37531EUR2 0001290209918031225     RCNVIR-SUNGLASSFRANCE-02122025-376550
0510278    37531EUR2 0001290209918031225     REFVIR-VERNISPLUS-02122025-310471
0510278    37531EUR2 0001290209918031225     CBEFR7610278375310001290990257
0410278016437531EUR2 00012902099B3031225  031225REJET PRLV 114406 - 000001 IMP   0000000000000000031741O
0410278907837531EUR2 00012902099C2031225  031225VIR INST AVIATION TECHNOLOGY CO  0000000 00000000006223G
0510278    37531EUR2 00012902099C2031225     NOMAVIATION TECHNOLOGY CONCEPT        VERNIS PLUS
0510278    37531EUR2 00012902099C2031225     NBEVERNIS PLUS                        MAGNY EN VEXIN
0510278    37531EUR2 00012902099C2031225     NPYAVIATION TECHNOLOGY CONCEPT
0510278    37531EUR2 00012902099C2031225     RCNDEVIS DE7435
0410278930537531EUR2 0001290209918031225  031225VIR SAS   USI PLAST SOLOGNE      0000000 00000000048496{
0510278    37531EUR2 0001290209918031225     LIBREFERENCE NON TRANSMISE
0510278    37531EUR2 0001290209918031225     NOMSAS   USI PLAST SOLOGNE            VERNIS
0510278    37531EUR2 0001290209918031225     NBEVERNIS
0510278    37531EUR2 0001290209918031225     NPYSAS   USI PLAST SOLOGNE
0510278    37531EUR2 0001290209918031225     LCCFC5683
0510278    37531EUR2 0001290209918031225     RCNREFERENCE NON TRANSMISE
0510278    37531EUR2 0001290209918031225     REFT253370007887023
0510278    37531EUR2 0001290209918031225     CBEFR7610278375310001290990257
0410278907837531EUR2 00012902099C2031225  031225VIR INST M HELDER XAVIER LIMA P  0000000 00000000006909{
0510278    37531EUR2 00012902099C2031225     LIBREGLEMENT FACTURE FC5719 MENUIS
0510278    37531EUR2 00012902099C2031225     LIB XLP PIRES
0510278    37531EUR2 00012902099C2031225     NOMM HELDER XAVIER LIMA PIRES         VERNIS PLUS
0510278    37531EUR2 00012902099C2031225     NBEVERNIS PLUS
0510278    37531EUR2 00012902099C2031225     NPYM HELDER XAVIER LIMA PIRES
0510278    37531EUR2 00012902099C2031225     LCCREGLEMENT FACTURE FC5719 MENUISERIE XLP PIRES
0510278    37531EUR2 00012902099C2031225     RCNNOTPROVIDED
0410278038137531EUR2 0001290209928031225  031225PAIEMENT PSC 0112 MAGNY EN VEXI  0000000000000000000210}
0510278    37531EUR2 0001290209928031225     LIBMR BRICOLAGE     CARTE 2742
0410278038137531EUR2 0001290209928031225  031225PAIEMENT PSC 0212 MAGNY EN VEX   0000000000000000000164M
0510278    37531EUR2 0001290209928031225     LIBSODIMAGG         CARTE 2742
0410278930537531EUR2 0001290209918031225  031225VIR ETABLISSEMENTS CHAUDESAI     0000000 00000000016137{
0510278    37531EUR2 0001290209918031225     LIB7059006
0510278    37531EUR2 0001290209918031225     NOMETABLISSEMENTS CHAUDESAIGUES       VERNIS
0510278    37531EUR2 0001290209918031225     NBEVERNIS
0510278    37531EUR2 0001290209918031225     NPYETABLISSEMENTS CHAUDESAIGUES
0510278    37531EUR2 0001290209918031225     LCCFC5689
0510278    37531EUR2 0001290209918031225     RCN7059006
0510278    37531EUR2 0001290209918031225     REFFR25120363602974
0510278    37531EUR2 0001290209918031225     CBEFR7610278375310001290990257
0710278    37531EUR2 00012902099  031225                                                  0000006228678H
0130066    10323EUR2 00020541061  021225CABALOI                          COMPTE COURANT   0000000037193G021225031225
0430066916210323EUR2 00020541061B1031225  031225PRLV SEPA GC RE MANGOPAY         0000000000000000006325P
0530066    10323EUR2 00020541061B1031225     LIBOPISTO
0530066    10323EUR2 00020541061B1031225     RIBFR7617118820080000002201720          GOAAFRP1
0530066    10323EUR2 00020541061B1031225     NOMGC RE MANGOPAY                     PORTE ROUGE AUTOMOBILES
0530066    10323EUR2 00020541061B1031225     NBEGC RE MANGOPAY
0530066    10323EUR2 00020541061B1031225     IBEGB66ZZZSDDBARC0000007495895019
0530066    10323EUR2 00020541061B1031225     NPYPORTE ROUGE AUTOMOBILES
0530066    10323EUR2 00020541061B1031225     LCCOPISTO
0530066    10323EUR2 00020541061B1031225     RCND-004E8KHA4JMQ
0530066    10323EUR2 00020541061B1031225     REFEUSEPADR-004E8KHA4JMQ
0530066    10323EUR2 00020541061B1031225     RUMYK3ZZ3G
0530066    10323EUR2 00020541061B1031225     CPYFR7630066103230002054160108
0430066916210323EUR2 00020541061B1031225  031225PRLV SEPA VATTENFALL ENERGIES S  0000000000000000005019J
0530066    10323EUR2 00020541061B1031225     LIBFACTURE P25117815 PORTE ROUGE A
0530066    10323EUR2 00020541061B1031225     RIBFR7610278035000002012034570          CMCIFR2AXXX
0530066    10323EUR2 00020541061B1031225     NOMVATTENFALL ENERGIES SA             PORTE ROUGE AUTOMOBILES MONTMORENCY
0530066    10323EUR2 00020541061B1031225     NBEVATTENFALL ENERGIES SA
0530066    10323EUR2 00020541061B1031225     IBEFR77ZZZ455300
0530066    10323EUR2 00020541061B1031225     NPYPORTE ROUGE AUTOMOBILES MONTMORENCY
0530066    10323EUR2 00020541061B1031225     LCCFACTURE P25117815 PORTE ROUGE AUTOM
0530066    10323EUR2 00020541061B1031225     RCNP25117815
0530066    10323EUR2 00020541061B1031225     REFP25117815
0530066    10323EUR2 00020541061B1031225     RUM21551953662503
0530066    10323EUR2 00020541061B1031225     CPYFR7630066103230002054160108
0430066900210323EUR2 0002054106106031225  031225VIR COTISATION ROTARY            0000000000000000002800}
0430066039010323EUR2 0002054106130031225  051225REMCB00466 NB0001 TPE601081101   0800466 00000000007581G
0430066039710323EUR2 0002054106162031225  051225COMCB00466 NB0001 TPE601081101   0800466100000000000030Q
0730066    10323EUR2 00020541061  031225                                                  0000000030599H
0110096    18171EUR2 00024531048  021225AGENCE LOCALE D               ALEC SUD PARISIENNE 0000000142601{021225031225
0710096    18171EUR2 00024531048  031225                                                  0000000142601{