0130004    00585EUR2 00010310949  011225DOCTEUR ANTOINE HUART            COMPTE COURANT   0000000507114I
0430004001200585EUR2 0001031094962021225  021225SUR REMISE C.B. DU 0212 N.42035  00000001 0000000000054N N.COM.417116501
0530004    00585EUR2 0001031094962021225     LIB1
0430004001200585EUR2 0001031094962021225  021225SUR REMISE C.B. DU 0212 N.73276  00000001 0000000000061J N.COM.417116601
0530004    00585EUR2 0001031094962021225     LIB5
0430004009900585EUR2 0001031094930021225  0212250212 N.42035 DE 92ISSY-LES-MOUL  142035   0000000018717B   N.COM.4171165
0530004    00585EUR2 0001031094930021225     LIB N.COM.4171165011
0430004009900585EUR2 0001031094930021225  0212250212 N.73276 DE 92ISSY-LES-MOUL  273276   0000000020084A   N.COM.4171166
0530004    00585EUR2 0001031094930021225     LIB N.COM.4171166015
0430004620100585EUR2 0001031094964021225  101225FACTURE NUMERO 2025120113149167  00000001 0000000000190}4
0730004    00585EUR2 00010310949  021225                                                  0000000545610F
0130004    00838EUR2 00000676036  011225ABC TELECOM                      COMPTE COURANT   0000000008132G
0430004052900838EUR2 0000067603621021225  021225/MOTIF VIREMENT ROSA DU MOIS DE         0 0000000003400}
0530004    00838EUR2 0000067603621021225     NBEMME ROSA COELHO NETO
0530004    00838EUR2 0000067603621021225     LCCVIREMENT ROSA DU MOIS DE NOVEMBRE CESUR
0430004055700838EUR2 0000067603618021225  021225/DE MME LOPES FERREIRA CRISTINA  0000000  0000000010000{ MARI /MOTIF VIR
0530004    00838EUR2 0000067603618021225     LIBEMENT /REF
0730004    00838EUR2 00000676036  021225                                                  0000000014732G
0130004    01457EUR2 00010158674  011225PHARMACIE DE L ALISIER           COMPTE COURANT   0000000020443I
0430004056801457EUR2 0001015867418021225  021225MADEMOISELLE ANNICK PIDOUX       0000000  0000000001200{
0530004    01457EUR2 0001015867418021225     NPYMADEMOISELLE ANNICK PIDOUX
0530004    01457EUR2 0001015867418021225     LCCLOYER BOX 5 DECEMBRE
0530004    01457EUR2 0001015867418021225     RCNNOTPROVIDED
0530004    01457EUR2 0001015867418021225     PDOFR FRANCE
0730004    01457EUR2 00010158674  021225                                                  0000000021643I
0130003    02828EUR2 00020160382  011225EIRL M ZHANG MARC                COMPTE COURANT   0000002349605E
0730003    02828EUR2 00020160382  021225                                                  0000002349605E
0130004    00348EUR2 00010181358  011225MADEMOISELLE LAURENCE CLAUDINE   COMPTE COURANT   0000000144121H
0430004056800348EUR2 0001018135818021225  021225BPIFRANCE                        0000000  0000000015565{31142878
0530004    00348EUR2 0001018135818021225     NPYBPIFRANCE
0530004    00348EUR2 0001018135818021225     LCC021225 BPI 72184334512 VIREMT
0530004    00348EUR2 0001018135818021225     RCN31142878
0530004    00348EUR2 0001018135818021225     PDOFR FRANCE
0430004620100348EUR2 0001018135864021225  101225FACTURE NUMERO 2025120113141312  00000001 0000000000893}2
0730004    00348EUR2 00010181358  021225                                                  0000000158793H
0130002    00629EUR2 0000007Y941  011225EURL PRARELO                     COMPTE COURANT   0000000594869E
0730002    00629EUR2 0000007Y941  021225                                                  0000000594869E
0116706    05059EUR2 54004705276  011225RBL                           RBL                 0000000085918I  196
0416706005205059EUR2E5400470527611021225  021225CARTE X8934 RELAIS FOURMIES      0000000000000000000538J
0416706005205059EUR2E5400470527611021225  021225CARTE X8934 ALIM PROXI SAINS DU  0000000000000000000042N
0416706000205059EUR2E5400470527602021225  021225REMISE CHQ 3707640               3707640100000000000850{
0716706    05059EUR2 54004705276  021225                                                  0000000086188C
0130004    00908EUR2 00010151875  011225L'EPICURIEN                      COMPTE COURANT   0000000060249I
0430004056800908EUR2 0001015187518021225  021225DOCTOLIB                         0000000  0000000000630{
0530004    00908EUR2 0001015187518021225     NPYDOCTOLIB
0530004    00908EUR2 0001015187518021225     LCCEXT BAL SWEEP SWPE42X4M22322235NHZTRP8K46G83
0530004    00908EUR2 0001015187518021225     RCNNOTPROVIDED
0530004    00908EUR2 0001015187518021225     PDONL PAYS-BAS
0430004620100908EUR2 0001015187564021225  101225FACTURE NUMERO 2025120113165988  00000001 0000000000280}1
0730004    00908EUR2 00010151875  021225                                                  0000000060599I
0130004    03130EUR2 00011644957  011225MR DAVEAU XAVIER              MR DAVEAU XAVIER    0000000981025G
0430004005603130EUR2 0001164495775021225  02122503130 62749619                   00000001 0000000007778N
0730004    03130EUR2 00011644957  021225                                                  0000000973247B