0130004    00585EUR2 00010310949  031225DOCTEUR ANTOINE HUART            COMPTE COURANT   0000000561361H
0430004001200585EUR2 0001031094962041225  041225SUR REMISE C.B. DU 0412 N.43480  00000001 0000000000038Q N.COM.417116601
0530004    00585EUR2 0001031094962041225     LIB5
0430004001200585EUR2 0001031094962041225  041225SUR REMISE C.B. DU 0412 N.19661  00000001 0000000000107J N.COM.417116501
0530004    00585EUR2 0001031094962041225     LIB1
0430004009900585EUR2 0001031094930041225  0412250412 N.43480 DE 92ISSY-LES-MOUL  143480   0000000013290B   N.COM.4171166
0530004    00585EUR2 0001031094930041225     LIB N.COM.4171166015
0430004009900585EUR2 0001031094930041225  0412250412 N.19661 DE 92ISSY-LES-MOUL  219661   0000000036965{   N.COM.4171165
0530004    00585EUR2 0001031094930041225     LIB N.COM.4171165011
0730004    00585EUR2 00010310949  041225                                                  0000000611471A
0130004    00838EUR2 00000676036  031225ABC TELECOM                      COMPTE COURANT   0000000020732G
0430004052900838EUR2 0000067603621041225  041225/MOTIF IMPOT DE AOUT A DECEMBRE         0 0000000001948}
0530004    00838EUR2 0000067603621041225     NBEROSA MARIA LOPES FERREIRA
0530004    00838EUR2 0000067603621041225     LCCIMPOT DE AOUT A DECEMBRE 2025
0430004052900838EUR2 0000067603621041225  041225/MOTIF VIREMENT RUI LOPES /BEN          0 0000000002000}
0530004    00838EUR2 0000067603621041225     NBESANDRA CARAPETO
0530004    00838EUR2 0000067603621041225     LCCVIREMENT RUI LOPES
0430004055700838EUR2 0000067603618041225  041225/DE MME LOPES FERREIRA CRISTINA  0000000  0000000005000{ MARI /MOTIF VIR
0530004    00838EUR2 0000067603618041225     LIBEMENT /REF
0730004    00838EUR2 00000676036  041225                                                  0000000021784G
0130004    01457EUR2 00010158674  031225PHARMACIE DE L ALISIER           COMPTE COURANT   0000000021643I
0730004    01457EUR2 00010158674  041225                                                  0000000021643I
0130004    00348EUR2 00010181358  031225MADEMOISELLE LAURENCE CLAUDINE   COMPTE COURANT   0000000209511A
0430004056800348EUR2 0001018135818041225  0412256454 SDC CARRE BAGATELLE         0000000  0000000005340E407496
0530004    00348EUR2 0001018135818041225     NPY6454 SDC CARRE BAGATELLE
0530004    00348EUR2 0001018135818041225     LCCFA00006614 CATU REMPL. 1 CYLIN - VIRT CATU
0530004    00348EUR2 0001018135818041225     RCN407496
0530004    00348EUR2 0001018135818041225     PDOFR FRANCE
0730004    00348EUR2 00010181358  041225                                                  0000000214851F
0116706    05059EUR2 54004705276  031225RBL                           RBL                 0000000085678F  198
0416706005205059EUR2E5400470527611041225  041225CARTE X8934 PHARM DE SAINS SAIN  0000000000000000000252L
0416706000005059EUR2E5400470527605041225  041225VIR URSSAF NPDC CC I00000487421  8742164100000000054860{
0516706    05059EUR2 5400470527605041225     NPYURSSAF NPDC CC
0516706    05059EUR2 5400470527605041225     NBEVAN ELSLANDE GUILLA
0516706    05059EUR2 5400470527605041225     LCCREMBT URSSAF 317000001025720366
0516706    05059EUR2 5400470527605041225     RCNI0000048742164
0516706    05059EUR2 5400470527605041225     LIBBREDFRPPXXX
0516706    05059EUR2 5400470527605041225     MMOEUR200000000548600
0416706005205059EUR2E5400470527611041225  041225CARTE X8934 BRICO DEPOT MAUBEUG  0000000000000000000917}
0716706    05059EUR2 54004705276  041225                                                  0000000139369C
0130004    00908EUR2 00010151875  031225L'EPICURIEN                      COMPTE COURANT   0000000039988G
0430004009900908EUR2 0001015187530031225  0412250312 N.97578 DE 93ROSNY SOUS BO  297578   0000000000400{   N.COM.4257323
0530004    00908EUR2 0001015187530031225     LIB N.COM.4257323014
0430004056800908EUR2 0001015187518041225  041225CPAM 94                          0000000  0000000000220E0000009311124783
0530004    00908EUR2 0001015187518041225     NPYCPAM 94
0530004    00908EUR2 0001015187518041225     IPY0                                  BICORBEI
0530004    00908EUR2 0001015187518041225     LCC0000009311124783360731251203
0530004    00908EUR2 0001015187518041225     RCN0000009311124783360731251203       PENS
0530004    00908EUR2 0001015187518041225     PDOFR FRANCE
0430004056800908EUR2 0001015187518041225  041225CPAM 061 NICE                    0000000  0000000000626F0000009311124783
0530004    00908EUR2 0001015187518041225     NPYCPAM 061 NICE
0530004    00908EUR2 0001015187518041225     IPY0                                  BICORBEI
0530004    00908EUR2 0001015187518041225     LCC0000009311124783366291251203
0530004    00908EUR2 0001015187518041225     RCN0000009311124783366291251203
0530004    00908EUR2 0001015187518041225     PDOFR FRANCE
0430004056800908EUR2 0001015187518041225  041225CPAM DU VAL D OISE               0000000  0000000000790{0000009311124783
0530004    00908EUR2 0001015187518041225     NPYCPAM DU VAL D OISE
0530004    00908EUR2 0001015187518041225     IPY0                                  BICORBEI
0530004    00908EUR2 0001015187518041225     LCC0000009311124783368500251203
0530004    00908EUR2 0001015187518041225     RCN0000009311124783368500251203       PENS
0530004    00908EUR2 0001015187518041225     PDOFR FRANCE
0430004056800908EUR2 0001015187518041225  041225CPAM 77                          0000000  0000000000795B0000009311124783
0530004    00908EUR2 0001015187518041225     NPYCPAM 77
0530004    00908EUR2 0001015187518041225     IPY0                                  BICORBEI
0530004    00908EUR2 0001015187518041225     LCC0000009311124783360051251203
0530004    00908EUR2 0001015187518041225     RCN0000009311124783360051251203       PENS
0530004    00908EUR2 0001015187518041225     PDOFR FRANCE
0430004056800908EUR2 0001015187518041225  041225CAMIEG                           0000000  0000000000795B0000009311124783
0530004    00908EUR2 0001015187518041225     NPYCAMIEG
0530004    00908EUR2 0001015187518041225     IPY0                                  BICORBEI
0530004    00908EUR2 0001015187518041225     LCC0000009311124783360021251203
0530004    00908EUR2 0001015187518041225     RCN0000009311124783360021251203       PENS
0530004    00908EUR2 0001015187518041225     PDOFR FRANCE
0430004056800908EUR2 0001015187518041225  041225MUTUALITE SOCIALE AGRICOLE D IL  0000000  0000000000962E2025120200000093
0530004    00908EUR2 0001015187518041225     NPYMUTUALITE SOCIALE AGRICOLE D ILE DE FRANCE
0530004    00908EUR2 0001015187518041225     IPY31080225100028                     BICORBEI
0530004    00908EUR2 0001015187518041225     NPOMUTUALITE SOCIALE AGRICOLE D ILE DE FRANCE
0530004    00908EUR2 0001015187518041225     LCC2025120200000093111247 02751000
0530004    00908EUR2 0001015187518041225     RCN2025120200000093111247 02751000
0530004    00908EUR2 0001015187518041225     PDOFR FRANCE
0430004056800908EUR2 0001015187518041225  041225MGEN                             0000000  0000000001195D0000009311124783
0530004    00908EUR2 0001015187518041225     NPYMGEN
0530004    00908EUR2 0001015187518041225     IPY0                                  BICORBEI
0530004    00908EUR2 0001015187518041225     LCC0000009311124783316511251128
0530004    00908EUR2 0001015187518041225     RCN0000009311124783316511251128
0530004    00908EUR2 0001015187518041225     PDOFR FRANCE
0430004009900908EUR2 0001015187530041225  0412250412 N.69470 DE 93ROSNY SOUS BO  369470   0000000003410{   N.COM.4257324
0530004    00908EUR2 0001015187530041225     LIB N.COM.4257324011
0430004056800908EUR2 0001015187518041225  041225CPAM 93                          0000000  0000000015788C0000009311124783
0530004    00908EUR2 0001015187518041225     NPYCPAM 93
0530004    00908EUR2 0001015187518041225     IPY0                                  BICORBEI
0530004    00908EUR2 0001015187518041225     LCC0000009311124783361393251203
0530004    00908EUR2 0001015187518041225     RCN0000009311124783361393251203       PENS
0530004    00908EUR2 0001015187518041225     PDOFR FRANCE
0730004    00908EUR2 00010151875  041225                                                  0000000064972D
0130004    03130EUR2 00011644957  031225MR DAVEAU XAVIER              MR DAVEAU XAVIER    0000000581040H
0730004    03130EUR2 00011644957  041225                                                  0000000581040H