0116906    00028EUR2 87052423549  281125CM MARECHALERIE                  COMPTE COURANT   0000000036366I  230
0416906005200028EUR2E8705242354911011225  011225CARTE X0850 ETXE GOXOAN CIBOURE  0000000000000000000101}
0416906005200028EUR2E8705242354911011225  011225CARTE X0850 ORTZADAR TRAITEUR S  0000000000000000000184N
0716906    00028EUR2 87052423549  011225                                                  0000000036081D
0116606    00048EUR2 48503511111  281125AGENCE LOCALE D               ALEC SUD PARISIENNE 0000000051859A  230
0416606000100048EUR2E4850351111104301125  301125LE THEIL/HUISNE 2 30/11/25 09H5  0000000100000000009400{
0416606000000048EUR2E4850351111105011225  011225VIR C.P.A.M. CHARTRES 000000281  1251128100000000000220E
0516606    00048EUR2 4850351111105011225     NPYC.P.A.M. CHARTRES
0516606    00048EUR2 4850351111105011225     NBEFERRERO PASCAL
0516606    00048EUR2 4850351111105011225     LCC0000002810153883307101251128
0516606    00048EUR2 4850351111105011225     RCN0000002810153883307101251128
0516606    00048EUR2 4850351111105011225     LIBCMCIFRPAXXX
0516606    00048EUR2 4850351111105011225     MMOEUR200000000002205
0416606002600048EUR2E48503511111C1011225  011225VIR INST VERS MR OU MME MOTTIER  0000000000000000019076M
0516606    00048EUR2 48503511111C1011225     NPYDR FERRERO PASCAL
0516606    00048EUR2 48503511111C1011225     NBEMR OU MME MOTTIER ARNAUD
0516606    00048EUR2 48503511111C1011225     REF                                   FBF1B2DA832F4BF3BCD5DF93D3CF7339
0516606    00048EUR2 48503511111C1011225     CBEFR7320041010141044935C03597
0716606    00048EUR2 48503511111  011225                                                  0000000042403B
0116906    30023EUR2 87046633179  281125DUMAS JULIETTE                                    0000000071698E  230
0416906002630023EUR2E87046633179C1291125  011225VIR INST VERS SAS ELYCIS         0000000000000000034332P
0516906    30023EUR2 87046633179C1291125     NPYS.A.R.L. A.C. AUTO SELECTION
0516906    30023EUR2 87046633179C1291125     NBESAS ELYCIS
0516906    30023EUR2 87046633179C1291125     LCCACOMPTE DEVIS 25-1423/25-1432
0516906    30023EUR2 87046633179C1291125     RCNELYCIS DEVIS 25-1423/25-1432
0516906    30023EUR2 87046633179C1291125     REF                                   A41AE9114A5F4855BC019EA4D42D69EC
0516906    30023EUR2 87046633179C1291125     CBEFR7611989000128329400010102
0416906000030023EUR2E8704663317905291125  011225DE M.OU MME DOS SANTOS CAETANO   0000000100000000087000{
0516906    30023EUR2 8704663317905291125     NPYM.OU MME DOS SANTOS CAETANO ANTONIO
0516906    30023EUR2 8704663317905291125     NBEA.C. AUTO SELECTION
0516906    30023EUR2 8704663317905291125     LIBAGRIFRPP869
0516906    30023EUR2 8704663317905291125     MMOEUR200000000870000
0516906    30023EUR2 8704663317905291125     CBEFR7616906300238704663971372
0416906002130023EUR2E8704663317907011225  011225EFFET DOMICILIES                 00     000000000001539}
0716906    30023EUR2 87046633179  011225                                                  0000000122826H