0111006    43100EUR2 24592314909  281125GHM                              COMPTE COURANT   0000000291539B  230
0711006    43100EUR2 24592314909  011225        ------------------------------            0000000291539B
0118706    00000EUR2 97539269449  281125AUTO STORY                       COMPTE COURANT   0000000061632E  230
0418706002600000EUR2E97539269449C1301125  301125VIR INST VERS BRETT VERONIQUE    0000000000000000005000}
0518706    00000EUR2 97539269449C1301125     NPYE.U.R.L. GEOD OPTIQUE
0518706    00000EUR2 97539269449C1301125     NBEBRETT VERONIQUE
0518706    00000EUR2 97539269449C1301125     LCCACCOMPTE SAL DEC VERO
0518706    00000EUR2 97539269449C1301125     REF                                   AFE793DB113E4475AECE0579324B8C90
0518706    00000EUR2 97539269449C1301125     CBEFR1930002069360000021343N71
0418706005200000EUR2E9753926944911011225  011225CARTE X8181 VIGO GAP             0000000000000000000139O
0718706    00000EUR2 97539269449  011225                                                  0000000056492I
0118706    00000EUR2 97547520124  281125CAUVALEX MANUTENTION             COMPTE COURANT   0000000020018O  230
0718706    00000EUR2 97547520124  011225        ------------------------------            0000000020018O
0130003    01312EUR2 00020493128  281125THEMA PLUS SARL               THEMA PLUS SARL     0000000272962E
0430003073001312EUR2 00020493128300112250001122528/11 R29889 CT3732430902        00298890 0000000004714FREMISE CB /
0530003    01312EUR2 0002049312830011225     LIBBT       473 50E COM     2 04E
0430003073001312EUR2 00020493128300112250001122528/11 R29814 CT3732430902        00298140 0000000003976{REMISE CB /
0530003    01312EUR2 0002049312830011225     LIBBT       399 50E COM     1 90E
0430003073001312EUR2 00020493128300112250001122530/11 R43462 CT3732430902        00434620 0000000003654BREMISE CB /
0530003    01312EUR2 0002049312830011225     LIBBT       367 00E COM     1 58E
0430003073001312EUR2 00020493128300112250001122529/11 R06074 CT3732430902        00060740 0000000003450AREMISE CB /
0530003    01312EUR2 0002049312830011225     LIBBT       346 50E COM     1 49E
0430003073001312EUR2 00020493128300112250001122529/11 R06137 CT3732430902        00061370 0000000002499BREMISE CB /
0530003    01312EUR2 0002049312830011225     LIBBT       251 00E COM     1 08E
0430003073001312EUR2 00020493128300112250001122530/11 R43505 CT3732430902        00435050 0000000001299DREMISE CB /
0530003    01312EUR2 0002049312830011225     LIBBT       130 50E COM     0 56E
0430003073001312EUR2 00020493128300112250001122530/11 R43457 CT3732430901        00434570 0000000000527GREMISE CB /
0530003    01312EUR2 0002049312830011225     LIBBT        53 00E COM     0 23E
0430003073001312EUR2 00020493128300112250001122528/11 R29904 CT3732430901        00299040 0000000000119EREMISE CB /
0530003    01312EUR2 0002049312830011225     LIBBT        12 00E COM     0 05E
0430003284001312EUR2 000204931281801122500011225POP SVCS  DOBSTICHTING CUSTODIA  00000000 0000000002285B6297024640S
0530003    01312EUR2 0002049312818011225     NPYSTICHTING CUSTODIAN UBER PAYMENTS
0530003    01312EUR2 0002049312818011225     NPOSTICHTING CUSTODIAN UBER PAYMENTS
0530003    01312EUR2 0002049312818011225     LCCPOP SVCS  DOB   20251124 - 20251130
0530003    01312EUR2 0002049312818011225     RCNK5HWU8RM25DXIDC
0530003    01312EUR2 0002049312818011225     IPY71400397
0530003    01312EUR2 0002049312818011225     PDONL PAYS BAS
0430003664001312EUR2 000204931282801122500011225DEBIT MENSUEL CARTE BLEUE VISA   00010000 0000000063974RX7463
0730003    01312EUR2 00020493128  011225                                                  0000000231513E
0130003    00885EUR2 00020044765  281125SAS COUTURE IMMO                 COMPTE COURANT   0000000016495Q
0430003376000885EUR2 000200447650201122500021225REMISE CHEQUE       0000392 335  00003920 0000000001932{
0530003    00885EUR2 0002004476502011225     LIBDE    1 CHQ 00885
0430003661000885EUR2 000200447652801122500011225CARTE X6186 28/11 RELAIS AQUITA  00010000 0000000000981PINE
0430003432000885EUR2 00020044765B10112250001122510789794     LEASECOM            66589510 0000000000038O5906658951
0530003    00885EUR2 00020044765B1011225     NBELEASECOM
0530003    00885EUR2 00020044765B1011225     IBEFR47ZZZ536544
0530003    00885EUR2 00020044765B1011225     LCC10789794
0530003    00885EUR2 00020044765B1011225     RCN10789794
0430003432000885EUR2 00020044765B10112250001122510789793     LEASECOM            66589330 0000000000056R5906658933
0530003    00885EUR2 00020044765B1011225     NBELEASECOM
0530003    00885EUR2 00020044765B1011225     IBEFR47ZZZ536544
0530003    00885EUR2 00020044765B1011225     LCC10789793
0530003    00885EUR2 00020044765B1011225     RCN10789793
0430003432000885EUR2 00020044765B10112250001122510789792     LEASECOM            66589600 0000000000863J5906658960
0530003    00885EUR2 00020044765B1011225     NBELEASECOM
0530003    00885EUR2 00020044765B1011225     IBEFR47ZZZ536544
0530003    00885EUR2 00020044765B1011225     LCC10789792
0530003    00885EUR2 00020044765B1011225     RCN10789792
0430003432000885EUR2 00020044765B10112250001122510789791     LEASECOM            66589420 0000000000884K5906658942
0530003    00885EUR2 00020044765B1011225     NBELEASECOM
0530003    00885EUR2 00020044765B1011225     IBEFR47ZZZ536544
0530003    00885EUR2 00020044765B1011225     LCC10789791
0530003    00885EUR2 00020044765B1011225     RCN10789791
0730003    00885EUR2 00020044765  011225                                                  0000000017388L
0111006    43100EUR2 52151693641  281125MENILLET COURTAGE                COMPTE COURANT   0000000052269I  230
0411006000443100EUR2E5215169364130301125  301125CARTE 3412384 001 638686 29/11   0000000100000000004101E
0411006005843100EUR2E5215169364162301125  301125CARTE 3412384 001 638686 29/11   0000000100000000000025P
0411006000143100EUR2E5215169364104301125  301125PONT SUR YONNE DE 30/11/25 12H2  0000000100000000007000{
0411006005243100EUR2E5215169364111011225  011225CARTE X5538 DAC MIJE NOGENT SUR  0000000000000000001242K
0411006005243100EUR2E5215169364111011225  011225CARTE X5538 INTERMERCHE VL VILL  0000000000000000000706L
0411006000443100EUR2E5215169364130011225  011225CARTE 3412384 001 744564 30/11   0000000100000000002071E
0411006005843100EUR2E5215169364162011225  011225CARTE 3412384 001 744564 30/11   0000000100000000000012M
0711006    43100EUR2 52151693641  011225                                                  0000000063456C
0130002    06938EUR2 0000071E365  281125SARL AGENCE DIAG EXPERT          COMPTE COURANT   0000000209886E
0730002    06938EUR2 0000071E365  011225                                                  0000000209886E
0118706    00000EUR2 00032840693  281125AUTO MOTO ECOLE TINQUEUX         COMPTE COURANT   0000000421976F  230
0418706005000000EUR2E00032840693B1011225  011225LOCAM                            0000000000000000001440}
0518706    00000EUR2 00032840693B1011225     NBELOCAM
0518706    00000EUR2 00032840693B1011225     IBEFR91ZZZ113026                      SEPA
0518706    00000EUR2 00032840693B1011225     NPYDOMISA GRAPHIQUE SAS
0518706    00000EUR2 00032840693B1011225     REF303174478
0518706    00000EUR2 00032840693B1011225     LCCPRELEVEMENT LOCAM  PARTENAIRE DE SITTI SAS (YOUL DOSSIER 1713780 CONTR
0518706    00000EUR2 00032840693B1011225     LC2AT SITE INTERNET   LOYER DU 30-11-2025
0518706    00000EUR2 00032840693B1011225     RUMLD171378020220072328               RCUR
0518706    00000EUR2 00032840693B1011225     CPYFR7618706000000003284396018
0418706005000000EUR2E00032840693B1011225  0112250218247 CRCAM BRIE PICARDIE      0000000000000000001388L
0518706    00000EUR2 00032840693B1011225     NBECRCAM BRIE PICARDIE
0518706    00000EUR2 00032840693B1011225     IBEFR81ZZZ235814                      SEPA
0518706    00000EUR2 00032840693B1011225     NPYSAS DOMISA GRAPHIQUE
0518706    00000EUR2 00032840693B1011225     REFPACIFICA88702182472P               PACIFICA88702182472P
0518706    00000EUR2 00032840693B1011225     LCCCREDIT AGRICOLE ASSURANCE MULTIRISQUE PRO -ECHEANCE 12/2025 COTISATION
0518706    00000EUR2 00032840693B1011225     LC2 DU CONTRAT PACIFICA 5607862907
0518706    00000EUR2 00032840693B1011225     RUM++000000000000000000005579802907PCKRCUR
0518706    00000EUR2 00032840693B1011225     CPYFR7618706000000003284396018
0418706005000000EUR2E00032840693B1011225  0112250218247 CRCAM BRIE PICARDIE      0000000000000000000959N
0518706    00000EUR2 00032840693B1011225     NBECRCAM BRIE PICARDIE
0518706    00000EUR2 00032840693B1011225     IBEFR81ZZZ235814                      SEPA
0518706    00000EUR2 00032840693B1011225     NPYSAS DOMISA GRAPHIQUE
0518706    00000EUR2 00032840693B1011225     REFPACIFICA88702182472P               PACIFICA88702182472P
0518706    00000EUR2 00032840693B1011225     LCCCREDIT AGRICOLE ASSURANCES PROFESSIONNELLES -ECHEANCE 12/2025 COTISATI
0518706    00000EUR2 00032840693B1011225     LC2ON DES CONTRATS PACIFICA
0518706    00000EUR2 00032840693B1011225     RUM00000000000000000000011061586907PCKRCUR
0518706    00000EUR2 00032840693B1011225     CPYFR7618706000000003284396018
0418706005000000EUR2E00032840693B1011225  011225DPD FRANCE SAS                   0000000000000000006967}
0518706    00000EUR2 00032840693B1011225     NBEDPD FRANCE SAS
0518706    00000EUR2 00032840693B1011225     IBEFR86ZZZ528082                      SEPA
0518706    00000EUR2 00032840693B1011225     NPYDOMISA GRAPHIQUE C
0518706    00000EUR2 00032840693B1011225     REF303286140                          C-RGT-PRLM-1/CYGI/AA---------------
0518706    00000EUR2 00032840693B1011225     LCC09100251003534
0518706    00000EUR2 00032840693B1011225     RUMC091019358-01                      RCUR
0518706    00000EUR2 00032840693B1011225     CPYFR7618706000000003284396018
0418706000000000EUR2E0003284069305011225  011225VIR EDITIONS ROBERT LAFFONT 504  0000000100000000000504{
0518706    00000EUR2 0003284069305011225     NPYEDITIONS ROBERT LAFFONT
0518706    00000EUR2 0003284069305011225     NBEDOMISA GRAPHIQUE
0518706    00000EUR2 0003284069305011225     LCCFOU 5040530 REGL 1 FAC  255474 01/12/25
0518706    00000EUR2 0003284069305011225     RCN5040530 30 01/12/25
0518706    00000EUR2 0003284069305011225     LIBCMCIFRPPCOR
0518706    00000EUR2 0003284069305011225     MMOEUR200000000005040
0418706005600000EUR2E0003284069307011225  011225EFFET 11639799 PAYE STARCOLOR    00     000000000009075P
0418706005600000EUR2E0003284069307011225  011225EFFET 11639800 PAYE KARIBAN GRO  00     000000000010360J
0418706005600000EUR2E0003284069307011225  011225EFFET 11639801 PAYE ID NUMERIQU  00     000000000003132Q
0418706005600000EUR2E0003284069307011225  011225EFFET 11639802 PAYE SIGNA FRANC  00     000000000019162}
0418706005600000EUR2E0003284069307011225  011225EFFET 11639803 PAYE SDAG ADHESI  00     000000000009200L
0418706005600000EUR2E0003284069307011225  011225EFFET 11651117 PAYE SAS ULTIMA   00     000000000013128}
0418706005600000EUR2E0003284069307011225  011225EFFET 11651118 PAYE S.A.S RICHA  00     000000000004684Q
0418706005600000EUR2E0003284069307011225  011225EFFET 11651119 PAYE S A S DUPLI  00     000000000011240Q
0418706005600000EUR2E0003284069307011225  011225EFFET 11651120 PAYE S A S DUPLI  00     000000000007933}
0418706005600000EUR2E0003284069307011225  011225EFFET 11651121 PAYE S A S DUPLI  00     000000000001946O
0718706    00000EUR2 00032840693  011225                                                  0000000321861G
0118706    00000EUR2 72203315574  281125LE MARTELOT BRUNO                                 0000000089495{  230
0418706005000000EUR2E72203315574B1011225  011225ABEILLE VIE-ABEILLE VIE SOCIETE  0000000000000000000556}
0518706    00000EUR2 72203315574B1011225     NBEABEILLE VIE-ABEILLE VIE SOCIETE ANONYME D ASSURANCES
0518706    00000EUR2 72203315574B1011225     IBEFR90ZZZ002755                      SEPA
0518706    00000EUR2 72203315574B1011225     NPYCHARLES OLIVEIRA SILVA
0518706    00000EUR2 72203315574B1011225     REF303267879
0518706    00000EUR2 72203315574B1011225     LCC02014209590G AC 2251201NPXLD PRLV ABEILLE VIE
0518706    00000EUR2 72203315574B1011225     RUMVAAIV4735247                       RCUR
0518706    00000EUR2 72203315574B1011225     CPYFR7618706000007220331475582
0718706    00000EUR2 72203315574  011225                                                  0000000088939{
0130003    01312EUR2 00020562732  281125BCP SARL                                          0000000131605H
0430003501001312EUR2 00020562732C229112500281125FACTURE AXA 1TFA                 40208080 0000000000428F583274020808
0530003    01312EUR2 00020562732C2291125     NPYTFA
0530003    01312EUR2 00020562732C2291125     LCCFACTURE AXA 19160
0430003661001312EUR2 000205627322801122500011225CARTE X9416 28/11 AUCHAN DAC     00010000 0000000000853R
0730003    01312EUR2 00020562732  011225                                                  0000000131180E
0130002    06953EUR2 0000071G130  281125TECHNIQUES ET NORMES DE COUVERT  COMPTE COURANT   0000000336050A
0430002112406953EUR2E0000071G1302101122500011225VIR SEPA BOUVARD                 0000000000000000008657N1333528800000000
0530002    06953EUR2 0000071G13021011225     REF533553049080
0530002    06953EUR2 0000071G13021011225     LCCREPARATION TRACTEUR HONDA FACTURE F
0430002130106953EUR2E0000071G130C101122500011225SECU NOVEMBRE                    0000000000000000004000}2512012025120111
0530002    06953EUR2 0000071G130C1011225     NPYLE MOULIN DE LAUNOY
0530002    06953EUR2 0000071G130C1011225     LCCSECU NOVEMBRE
0530002    06953EUR2 0000071G130C1011225     RCNNOTPROVIDED
0430002111006953EUR2E0000071G1302101122500011225WEB MOULIN IKUKI                 0000000000000000001100}1311820600000601
0530002    06953EUR2 0000071G13021011225     LIBVIR.PERMANENT VIRGINIE IKUKI   99
0430002112606953EUR2E0000071G130B101122500011225PRLV SEPA GRENKE LOCATION SAS    0000000000000000000660}4020112000000332
0530002    06953EUR2 0000071G130B1011225     NBEGRENKE LOCATION SAS
0530002    06953EUR2 0000071G130B1011225     IBEFR03ZZZ449260                      SEPA
0530002    06953EUR2 0000071G130B1011225     RUM16211266                           RCUR
0530002    06953EUR2 0000071G130B1011225     LCC16211266 CLIENT 01.12.25-31.12.25 PAIEMENT 0001846190
0530002    06953EUR2 0000071G130B1011225     RCN25525020570694111621126600000000
0430002111606953EUR2E0000071G1302801122500011225 CB12APPLE.COM/BI     27/11/25   0186512000000000000199R3641655000104186
0530002    06953EUR2 0000071G13028011225     LIB0805540003     EUR        19 9999
0530002    06953EUR2 0000071G13028011225     LIBCBLM ANTHONY PILLOT            99
0430002111606953EUR2E0000071G1302801122500011225 CB12BCM NEMOURS      28/11/25   0186512000000000000129K3641870600104186
0530002    06953EUR2 0000071G13028011225     LIBCBLM ANTHONY PILLOT            99
0730002    06953EUR2 0000071G130  011225                                                  0000000321303E
0113807    00582EUR2 32721049459  281125BC2L IMMOBILIER                  COMPTE COURANT   0000000103980Q
0413807020600582EUR2E3272104945930291125  281125REM CB CIONS         5386271016  0956836100000000000091{
0513807    00582EUR2 3272104945930291125     LIB                - NB0002/100836
0413807020600582EUR2E3272104945930291125  281125REM CB CIONS         5386298012  0966479100000000002979E
0513807    00582EUR2 3272104945930291125     LIB                - NB0050/101479
0413807061000582EUR2E3272104945966291125  011225COM CIONS CB         5386271016  0956836100000000000000L
0513807    00582EUR2 3272104945966291125     LIB                - NB0002/100836
0413807061000582EUR2E3272104945966291125  011225COM CIONS CB         5386298012  0966479100000000000012}
0513807    00582EUR2 3272104945966291125     LIB                - NB0050/101479
0413807022100582EUR2E3272104945907011225  301125LCR HONOREDISTRIBUT 011225       3035186000000000013713}REF TIRE:2640318
0513807    00582EUR2 3272104945907011225     LIBREF TIRE:26403187
0413807020600582EUR2E3272104945930011225  011225REM CB CIONS         5386271016  0957970100000000000139{
0513807    00582EUR2 3272104945930011225     LIB                - NB0001/173970
0413807020600582EUR2E3272104945930011225  011225REM CB CIONS         5386298012  0967758100000000003964E
0513807    00582EUR2 3272104945930011225     LIB                - NB0051/175758
0413807061000582EUR2E3272104945966011225  011225COM CIONS CB         5386271016  0957970100000000000000N
0513807    00582EUR2 3272104945966011225     LIB                - NB0001/173970
0413807061000582EUR2E3272104945966011225  011225COM CIONS CB         5386298012  0967758100000000000013Q
0513807    00582EUR2 3272104945966011225     LIB                - NB0051/175758
0413807020600582EUR2E3272104945930011225  011225REM CB CIONS         5386271016  0958582100000000000066{
0513807    00582EUR2 3272104945930011225     LIB                - NB0001/186582
0413807020600582EUR2E3272104945930011225  011225REM CB CIONS         5386298012  0968907100000000007041{
0513807    00582EUR2 3272104945930011225     LIB                - NB0088/186907
0413807061000582EUR2E3272104945966011225  011225COM CIONS CB         5386271016  0958582100000000000000K
0513807    00582EUR2 3272104945966011225     LIB                - NB0001/186582
0413807061000582EUR2E3272104945966011225  011225COM CIONS CB         5386298012  0968907100000000000025}
0513807    00582EUR2 3272104945966011225     LIB                - NB0088/186907
0413807053700582EUR2E3272104945908011225  011225PRLV SEPA BPGO                   0ADWI9D000000000011152R
0513807    00582EUR2 3272104945908011225     LIB568582/00-F25110380014948
0513807    00582EUR2 3272104945908011225     LIB011370193763BG0001
0513807    00582EUR2 3272104945908011225     NPY4382722-FLEURY
0513807    00582EUR2 3272104945908011225     NBEBPGO
0513807    00582EUR2 3272104945908011225     IBEFR96ZZZ296848                      SEPA
0513807    00582EUR2 3272104945908011225     LCC568582/00-F25110380014948
0513807    00582EUR2 3272104945908011225     RCN80829999
0513807    00582EUR2 3272104945908011225     REF3325009L7A5                        ABSI253250000177324.01000AC
0513807    00582EUR2 3272104945908011225     RUM011370193763BG0001                 RCUR
0513807    00582EUR2 3272104945908011225     CPYFR7613807005823272104954954
0713807    00582EUR2 32721049459  011225                                                  0000000114617N