0110206    30001EUR2 80020705710  271125SARL SMOKEY BANH MI              COMPTE COURANT   0000000007386M  229
0410206000430001EUR2E8002070571030281125  281125CARTE 1313185 001 244060 27/11   0000000100000000000250{
0410206005830001EUR2E8002070571062281125  281125CARTE 1313185 001 244060 27/11   0000000100000000000000R
0710206    30001EUR2 80020705710  281125                                                  0000000007137L