0110207    00013EUR2 22218401015  271125BOUCHERIE EL MANAR               COMPTE COURANT   0000000197539C
0410207053700013EUR2E2221840101508281125  281125EUROPRELEVEMENT                  09WJIGZ100000000043912NEXCL-XXXX X04984
0510207    00013EUR2 2221840101508281125     LIBEXCL-XXXX X04984 3XXXX
0510207    00013EUR2 2221840101508281125     LIBE2020258067494347
0510207    00013EUR2 2221840101508281125     LIBPRLV SEPA AMERICAN EXPRE
0410207007800013EUR2E2221840101505281125  281125VIREMENT CREDIT                  0672441000000000013828GF 2025-10-30 EN2
0510207    00013EUR2 2221840101505281125     LIBF 2025-10-30 EN2L/OSC
0510207    00013EUR2 2221840101505281125     LIBVIR SARL EN2L OPTIC
0410207007800013EUR2E2221840101505281125  281125VIREMENT CREDIT                  1607105000000000056657IF 2025-10-33 JCV
0510207    00013EUR2 2221840101505281125     LIBF 2025-10-33 JCV/OSC
0510207    00013EUR2 2221840101505281125     LIBVIR JCV OPTIC OPTICAL SE
0410207007800013EUR2E2221840101505281125  281125VIREMENT CREDIT                  1607105000000000012790AF 2025-10-54 JCV
0510207    00013EUR2 2221840101505281125     LIBF 2025-10-54 JCV/OSC
0510207    00013EUR2 2221840101505281125     LIBVIR JCV OPTIC OPTICAL SE
0410207007800013EUR2E2221840101505281125  281125VIREMENT CREDIT                  0672355000000000038317BF 2025-10-38 LIA
0510207    00013EUR2 2221840101505281125     LIBF 2025-10-38 LIAM/OSC
0510207    00013EUR2 2221840101505281125     LIBVIR SARL LIAM OPTIC
0410207007800013EUR2E2221840101505281125  281125VIREMENT CREDIT                  0672355000000000009140BF 2025-10-57 LIA
0510207    00013EUR2 2221840101505281125     LIBF 2025-10-57 LIAM/OSC
0510207    00013EUR2 2221840101505281125     LIBVIR SARL LIAM OPTIC
0410207050500013EUR2E2221840101505281125  281125EUROVIREMENT                     F9TA5YT000000000022035{F 2025 10 43 REN
0510207    00013EUR2 2221840101505281125     LIBF 2025 10 43 RENDEL26/OSC
0510207    00013EUR2 2221840101505281125     LIBEVI RENDEL 26
0510207    00013EUR2 2221840101505281125     MMOEUR2000000002203500000000000000
0510207    00013EUR2 2221840101505281125     NPYRENDEL 26
0510207    00013EUR2 2221840101505281125     NBESARL OPTICAL SERVICE CONSULTING
0510207    00013EUR2 2221840101505281125     LCCF 2025 10 43 RENDEL26/OSC
0510207    00013EUR2 2221840101505281125     RCNVK53321TZFP4VJ01
0410207050500013EUR2E2221840101505281125  281125EUROVIREMENT                     F9TA6B6000000000013321EF 2025 10 47 REN
0510207    00013EUR2 2221840101505281125     LIBF 2025 10 47 RENDELVDE/OSC
0510207    00013EUR2 2221840101505281125     LIBEVI RENDEL VAL D EUROPE
0510207    00013EUR2 2221840101505281125     MMOEUR2000000001332150000000000000
0510207    00013EUR2 2221840101505281125     NPYRENDEL VAL D EUROPE
0510207    00013EUR2 2221840101505281125     NBESARL OPTICAL SERVICE CONSULTING
0510207    00013EUR2 2221840101505281125     LCCF 2025 10 47 RENDELVDE/OSC
0510207    00013EUR2 2221840101505281125     RCNVG53321XS7YA3E01
0710207    00013EUR2 22218401015  281125                                                  0000000319717D
0110807    00452EUR2 42221189809  271125SCI JMCH GROUPE LEMOINE          COMPTE COURANT   0000000077373G
0410807050500452EUR2E4222118980905281125  281125EUROVIREM. SEPA                  F9T90GR100000000008565F60426/20018606
0510807    00452EUR2 4222118980905281125     LIB60426/20018606  FD3714 FD3714 JE
0510807    00452EUR2 4222118980905281125     LIBANJIRARD - LOC BENNE   ENL V D C
0510807    00452EUR2 4222118980905281125     LIBEVI ECOBAT BATTERY FRANC
0510807    00452EUR2 4222118980905281125     MMOEUR2000000000856560000000000000
0510807    00452EUR2 4222118980905281125     NPYECOBAT BATTERY FRANCE
0510807    00452EUR2 4222118980905281125     NBEMAISON JEANJIRARD SARL
0510807    00452EUR2 4222118980905281125     LCC60426/20018606  FD3714 FD3714 JEANJIRARD - LOC BENNE   ENL V D CHETS -
0510807    00452EUR2 4222118980905281125     LC260426/20018606  FD3714 FD3714 JEANJIRARD - LOC BENNE   ENL V D CHETS -
0510807    00452EUR2 4222118980905281125     RCN60426P20018606.9912.2528875
0710807    00452EUR2 42221189809  281125                                                  0000000085939C
0110107    00175EUR2 00829015123  271125LUCAS OPTIK                      COMPTE COURANT   0000003750649I
0410107056900175EUR2E0082901512305281125  281125VIREMENT SEPA RECU   569    000  2816303  0000000006912{
0510107    00175EUR2 0082901512305281125     NPYSANOFI
0510107    00175EUR2 0082901512305281125     LCCPOBO SANOFI WINTHROP INDU REF/  202509200007
0510107    00175EUR2 0082901512305281125     RCNFR1031003945665
0510107    00175EUR2 0082901512305281125     LIBBOFAFRPP
0410107056900175EUR2E0082901512305281125  281125VIREMENT SEPA RECU   569    000  2816303  0000001222379A
0510107    00175EUR2 0082901512305281125     NPY19M
0510107    00175EUR2 0082901512305281125     LCC/INV/VOIR AVIS 0300008668DU 27.11.2025
0510107    00175EUR2 0082901512305281125     RCN0300008668
0510107    00175EUR2 0082901512305281125     LIBCITIFRPP
0410107074300175EUR2E0082901512313281125  281125VIREMENT COMPENSE    743    000  0033276  0000000027527{
0510107    00175EUR2 0082901512313281125     LIBCHANEL
0510107    00175EUR2 0082901512313281125     LIBBNPAFRPPXXX REF   IPA5112700033276
0510107    00175EUR2 0082901512313281125     LIB/ROC/0301095883
0510107    00175EUR2 0082901512313281125     LIB/INV/202509200008/30.9.2025//
0710107    00175EUR2 00829015123  281125                                                  0000005007468{
0110807    00455EUR2 62221127195  271125SAS NOOSA PIZZA   SERVAIS INGRID COMPTE COURANT   0000000089622D
0410807022100455EUR2E6222112719507281125  271125LCR DOMICILIEE                   1554130100000000010295O
0510807    00455EUR2 6222112719507281125     LIBS D S           281125
0710807    00455EUR2 62221127195  281125                                                  0000000079326H
0118707    00700EUR2 31521986242  271125SCI LES PETITS PRES              COMPTE COURANT   0000000002440B
0718707    00700EUR2 31521986242  281125                                                  0000000002440B
0110907    00457EUR2 60021830601  271125SCI JMCH GROUPE LEMOINE          COMPTE COURANT   0000000115063B
0710907    00457EUR2 60021830601  281125                                                  0000000115063B
0110807    00449EUR2 72421682522  271125EGV HOLDING                      COMPTE COURANT   0000000690600A
0710807    00449EUR2 72421682522  281125                                                  0000000690600A
0110807    00449EUR2 12421436392  271125EI SALON INES D                  COMPTE COURANT   0000000241908E
0710807    00449EUR2 12421436392  281125                                                  0000000241908E
0114707    06909EUR2 32521841963  271125EIRL M ZHANG MARC                COMPTE COURANT   0000000378325D
0414707050506909EUR2E3252184196305281125  281125VIREMENT SEPA                    F85Q4ZM000000000000542E0000001010204023
0514707    06909EUR2 3252184196305281125     LIB0000001010204023256511251124
0514707    06909EUR2 3252184196305281125     LIBEVI MGEN
0514707    06909EUR2 3252184196305281125     MMOEUR2000000000054250000000000000
0514707    06909EUR2 3252184196305281125     NPYMGEN
0514707    06909EUR2 3252184196305281125     IPY0
0514707    06909EUR2 3252184196305281125     NBEEI - HUGOT JULIEN
0514707    06909EUR2 3252184196305281125     LCC0000001010204023256511251124
0514707    06909EUR2 3252184196305281125     RCN0000001010204023256511251124
0414707050506909EUR2E3252184196305281125  281125VIREMENT SEPA                    F85QXL4000000000000300{FRAIS MEDICAUX
0514707    06909EUR2 3252184196305281125     LIBFRAIS MEDICAUX
0514707    06909EUR2 3252184196305281125     LIBEVI PAUL
0514707    06909EUR2 3252184196305281125     MMOEUR2000000000030000000000000000
0514707    06909EUR2 3252184196305281125     NPYPAUL
0514707    06909EUR2 3252184196305281125     NBEDR HUGOT JULIEN
0514707    06909EUR2 3252184196305281125     LCCFRAIS MEDICAUX                                                      -
0514707    06909EUR2 3252184196305281125     LC2FRAIS MEDICAUX                                                      -
0514707    06909EUR2 3252184196305281125     RCNPAULJE 202511261022407123
0414707053706909EUR2E3252184196308281125  281125PRLV SEPA                        0DTBG10100000000000529R06     511
0514707    06909EUR2 3252184196308281125     LIB06XXXXX511
0514707    06909EUR2 3252184196308281125     LIBBTAT3L0PLWO19
0514707    06909EUR2 3252184196308281125     LIBPRLV SEPA BOUYGUES TELEC
0714707    06909EUR2 32521841963  281125                                                  0000000378638{
0110107    00175EUR2 00214026605  271125SC AJC CONSEILS                  COMPTE COURANT   0000007514694B
0410107056900175EUR2E0021402660505281125  281125VIREMENT SEPA RECU   569    000  2815151  0000000096066H
0510107    00175EUR2 0021402660505281125     NPYPRIMARK FRANCE SAS
0510107    00175EUR2 0021402660505281125     LCC1186619229
0510107    00175EUR2 0021402660505281125     RCN1186619229
0510107    00175EUR2 0021402660505281125     LIBSOGEFRPPXXX
0410107056900175EUR2E0021402660505281125  281125VIREMENT SEPA RECU   569    000  2815244  0000000004251{
0510107    00175EUR2 0021402660505281125     NPYCALZEDONIA FRANCE
0510107    00175EUR2 0021402660505281125     LCC/INV/202510430580 31.10.2025
0510107    00175EUR2 0021402660505281125     RCN0150015958
0510107    00175EUR2 0021402660505281125     LIBBNPAFRPPXXX
0410107056900175EUR2E0021402660505281125  281125VIREMENT SEPA RECU   569    000  2816280  0000000104544{
0510107    00175EUR2 0021402660505281125     NPYLAFARGE CIMENTS
0510107    00175EUR2 0021402660505281125     LCC/INV/20240738000
0510107    00175EUR2 0021402660505281125     RCNF55ISEP099973
0510107    00175EUR2 0021402660505281125     LIBBNPAFRPPXXX
0410107056900175EUR2E0021402660505281125  281125VIREMENT SEPA RECU   569    000  2816303  0000000182409F
0510107    00175EUR2 0021402660505281125     NPYSANOFI
0510107    00175EUR2 0021402660505281125     LCCPOBO SANOFI WINTHROP INDU REF/  202509380027 202509380031 202 50938003
0510107    00175EUR2 0021402660505281125     LC20 202509380029
0510107    00175EUR2 0021402660505281125     RCNFR1031003946245
0510107    00175EUR2 0021402660505281125     LIBBOFAFRPP
0410107056900175EUR2E0021402660505281125  281125VIREMENT SEPA RECU   569    000  2816399  0000000009550I
0510107    00175EUR2 0021402660505281125     NPYAF GERANCE ALTA QWARTZ
0510107    00175EUR2 0021402660505281125     LCC202509430022 ALTA QWARTZ
0510107    00175EUR2 0021402660505281125     RCNALTAIX-VIR-00015706-00106-B40
0510107    00175EUR2 0021402660505281125     LIBBREDFRPPXXX
0410107056900175EUR2E0021402660505281125  281125VIREMENT SEPA RECU   569    000  2816493  0000000302990B
0510107    00175EUR2 0021402660505281125     NPYJEU DE PAUME BEAUVAIS
0510107    00175EUR2 0021402660505281125     LCC202510430593 - FF
0510107    00175EUR2 0021402660505281125     RCN202510430593
0510107    00175EUR2 0021402660505281125     LIBDELUFR22XXX
0410107056900175EUR2E0021402660505281125  281125VIREMENT SEPA RECU   569    000  2816493  0000000293492H
0510107    00175EUR2 0021402660505281125     NPYJEU DE PAUME BEAUVAIS
0510107    00175EUR2 0021402660505281125     LCC202509430482 - FF3994 - SOLDE
0510107    00175EUR2 0021402660505281125     RCN202509430482 - 0SNCJ- SOLDE
0510107    00175EUR2 0021402660505281125     LIBDELUFR22XXX
0410107056900175EUR2E0021402660505281125  281125VIREMENT SEPA RECU   569    000  2816531  0000000435912G
0510107    00175EUR2 0021402660505281125     NPYAROMA ZONE STORE
0510107    00175EUR2 0021402660505281125     LCC202510380034 202510380031 202510380030 202510430661
0510107    00175EUR2 0021402660505281125     RCNFVIRS2511A84067
0510107    00175EUR2 0021402660505281125     LIBPSSTFRPPMAR
0410107056900175EUR2E0021402660505281125  281125VIREMENT SEPA RECU   569    000  2816578  0000000265242C
0510107    00175EUR2 0021402660505281125     NPYSANDRO ANDY
0510107    00175EUR2 0021402660505281125     RCN291654
0510107    00175EUR2 0021402660505281125     LIBAGRIFRPP882
0410107056900175EUR2E0021402660505281125  281125VIREMENT SEPA RECU   569    000  2816628  0000000063355I
0510107    00175EUR2 0021402660505281125     NPYFONDATION NATIONALE DES SCIENCES POLITIQUES
0510107    00175EUR2 0021402660505281125     LCC-2025103800
0510107    00175EUR2 0021402660505281125     RCNF23499-A01-D01
0510107    00175EUR2 0021402660505281125     LIBCMCIFRPPXXX
0410107051800175EUR2E00214026605B1281125  281125PRELEVEMENT SEPA     518    000  28132520 0000000000480}
0510107    00175EUR2 00214026605B1281125     NBEORANGE SA
0510107    00175EUR2 00214026605B1281125     LCCVOTRE ABONNEMENT INTERNET (FACTURE  XXXXX0045I4) - P
0510107    00175EUR2 00214026605B1281125     IBEFR18ZZZ002305                      SEPA
0510107    00175EUR2 00214026605B1281125     RUMM0061478021                        RCUR
0510107    00175EUR2 00214026605B1281125     RCN1B912N004 B912N0045I477E
0410107051800175EUR2E00214026605B1281125  281125PRELEVEMENT SEPA     518    000  28151460 0000000001069N
0510107    00175EUR2 00214026605B1281125     NBEALPHA SYSTEM ALPHA SYSTEM
0510107    00175EUR2 00214026605B1281125     LCCINV-ALPHA-64332-CM-ALPHA-3935
0510107    00175EUR2 00214026605B1281125     IBEFR95ZZZ527338                      SEPA
0510107    00175EUR2 00214026605B1281125     RUM00037                              RCUR
0510107    00175EUR2 00214026605B1281125     RCNREFERENCE DE LA REMISE   COMPTEUR
0410107051800175EUR2E00214026605B1281125  281125PRELEVEMENT SEPA     518    000  28157480 0000000008356M
0510107    00175EUR2 00214026605B1281125     NBEFREE PRO
0510107    00175EUR2 00214026605B1281125     LCCFACTURE JN 30/11/2025 F202511000963
0510107    00175EUR2 00214026605B1281125     IBEFR16ZZZ521291                      SEPA
0510107    00175EUR2 00214026605B1281125     RUMJNRUMPROTECTIMSECURI020220720100842RCUR
0510107    00175EUR2 00214026605B1281125     RCN20824451
0710107    00175EUR2 00214026605  281125                                                  0000009262604E
0110107    00175EUR2 00617054596  271125CHOUFFEUR ANTONY                                  0000000364799B
0410107003800175EUR2E0061705459611281125  281125TRANSACTION CARTE    038    000  20205570 0000000000735J
0510107    00175EUR2 0061705459611281125     LIBTOTAL           LE 27/11/25  CB.XXXXX7558
0510107    00175EUR2 0061705459611281125     LIBORIGINE   FRANCE            MONTANT   73 51 EUR
0710107    00175EUR2 00617054596  281125                                                  0000000364064A
0110107    00175EUR2 00219034207  271125LK DEVELOPPEMENT                 COMPTE COURANT   0000001606583A
0410107056900175EUR2E0021903420705281125  281125VIREMENT SEPA RECU   569    000  2816381  0000000004320{
0510107    00175EUR2 0021903420705281125     NPYHOTEL 30 AGV SAS (EXPLOITATION)
0510107    00175EUR2 0021903420705281125     LCCF251000384
0510107    00175EUR2 0021903420705281125     RCN0014439
0510107    00175EUR2 0021903420705281125     LIBCCBPFRPPMTG
0710107    00175EUR2 00219034207  281125                                                  0000001610903A
0110107    00175EUR2 00013053704  271125NORTRADE INTERNATIONAL           COMPTE COURANT   0000000000000{
0710107    00175EUR2 00013053704  281125                                                  0000000000000{
0114707    03909EUR2 32821397320  271125LE BOLAT                         COMPTE COURANT   0000000015181A
0714707    03909EUR2 32821397320  281125                                                  0000000015181A
0110807    00449EUR2 72419307251  271125S.C.I. DAM                       COMPTE COURANT   0000000001603H
0710807    00449EUR2 72419307251  281125                                                  0000000001603H
0110807    00449EUR2 72321610536  271125L'EPICURIEN                      COMPTE COURANT   0000000108641I
0710807    00449EUR2 72321610536  281125                                                  0000000108641I
0110807    00451EUR2 42221415109  271125SARL VALENCIENNES SERVICES       COMPTE COURANT   0000000023741B
0710807    00451EUR2 42221415109  281125                                                  0000000023741B
0110207    00044EUR2 22218236596  271125SNC LEITE 95                     SNC LEITE 95     0000000326607C
0410207059300044EUR2E2221823659605281125  281125VIR INST                         WFM2AOO000000000001194HVIREMENT DE ML B
0510207    00044EUR2 2221823659605281125     LIBVIREMENT DE ML BOUTRY CLAIRE
0510207    00044EUR2 2221823659605281125     LIBCONSULTATION 28 NOVEMBRE BOUTRY
0510207    00044EUR2 2221823659605281125     LIBVIR INST ML BOUTRY CLAIR
0710207    00044EUR2 22218236596  281125                                                  0000000327802A
0110207    00013EUR2 22216817715  271125SARL MM AMENAGEMENT              COMPTE COURANT   0000000243400C
0410207053700013EUR2E2221681771508281125  281125EUROPRELEVEMENT                  09XIFRD100000000000063}000004443P010756
0510207    00013EUR2 2221681771508281125     LIB000004443P01075655
0510207    00013EUR2 2221681771508281125     LIBFRTC000004443
0510207    00013EUR2 2221681771508281125     LIBPRLV SEPA WEX EUROPE SER
0710207    00013EUR2 22216817715  281125                                                  0000000243337C
0110107    00175EUR2 00417043837  271125MADIO                                             0000001692912{
0410107056900175EUR2E0041704383705281125  281125VIREMENT SEPA RECU   569    000  2815645  0000000007789F
0510107    00175EUR2 0041704383705281125     NPYS.O.S MOTEUR
0510107    00175EUR2 0041704383705281125     LCCSEGWAY COMMANDE 84116
0510107    00175EUR2 0041704383705281125     RCNSEGWAY COMMANDE 84116
0510107    00175EUR2 0041704383705281125     LIBCRLYFRPPXXX
0410107056900175EUR2E0041704383705281125  281125VIREMENT SEPA RECU   569    000  2816583  0000000000200{
0510107    00175EUR2 0041704383705281125     NPYLETANNEUR DAVID
0510107    00175EUR2 0041704383705281125     LCCCOUPLING ELITE
0510107    00175EUR2 0041704383705281125     RCNB2E99E0E270143ECA1C786AB0D90C416
0510107    00175EUR2 0041704383705281125     LIBSFPEFRP2
0410107056900175EUR2E0041704383705281125  281125VIREMENT SEPA RECU   569    000  2816583  0000000000582B
0510107    00175EUR2 0041704383705281125     NPYLETANNEUR DAVID
0510107    00175EUR2 0041704383705281125     LCCCOUPLING ELITE 2/2
0510107    00175EUR2 0041704383705281125     RCN1679C9FA7B3D4678AABF1A0C2B752935
0510107    00175EUR2 0041704383705281125     LIBSFPEFRP2
0410107056900175EUR2E0041704383705281125  281125VIREMENT SEPA RECU   569    000  2816763  0000000043557F
0510107    00175EUR2 0041704383705281125     NPYLOYALTY COMPANY
0510107    00175EUR2 0041704383705281125     LCCPF 84120 - P182201
0510107    00175EUR2 0041704383705281125     RCNPF 84120 - P182201
0510107    00175EUR2 0041704383705281125     LIBCCFRFRPPXXX
0410107087700175EUR2E00417043837C2281125  281125VIREMENT INST. RECU  877    000  IOP5832  0000000003720{
0510107    00175EUR2 00417043837C2281125     NPYLEADER VIGILANCE
0510107    00175EUR2 00417043837C2281125     LCCFACT 256481
0510107    00175EUR2 00417043837C2281125     RCNFACT 256481
0510107    00175EUR2 00417043837C2281125     LIBSOGEFRPPXXX
0510107    00175EUR2 00417043837C2281125     LIB28/11/2025 16 55 47 CET
0410107087700175EUR2E00417043837C2281125  281125VIREMENT INST. RECU  877    000  IOP5832  0000000007800{
0510107    00175EUR2 00417043837C2281125     NPYLEADER VIGILANCE
0510107    00175EUR2 00417043837C2281125     LCCFACT 256482
0510107    00175EUR2 00417043837C2281125     RCNFACT 256482
0510107    00175EUR2 00417043837C2281125     LIBSOGEFRPPXXX
0510107    00175EUR2 00417043837C2281125     LIB28/11/2025 16 57 22 CET
0710107    00175EUR2 00417043837  281125                                                  0000001756561D
0110207    00012EUR2 21217911983  271125SULINSKI DELPHINE                COMPTE COURANT   0000003568696I
0710207    00012EUR2 21217911983  281125                                                  0000003568696I
0114707    03909EUR2 32821639489  271125MENILLET COURTAGE                COMPTE COURANT   0000000384280C
0414707050503909EUR2E3282163948905281125  281125VIREMENT SEPA                    F85QXBV000000000005099DTP-20251127-ALME
0514707    03909EUR2 3282163948905281125     LIBTP-20251127-ALMERYS TP
0514707    03909EUR2 3282163948905281125     LIB-512600305-0098532001-4909-
0514707    03909EUR2 3282163948905281125     LIBEVI ALMERYS
0514707    03909EUR2 3282163948905281125     MMOEUR2000000000509940000000000000
0514707    03909EUR2 3282163948905281125     NPYALMERYS
0514707    03909EUR2 3282163948905281125     NBEOPTIQUE D ERLON
0514707    03909EUR2 3282163948905281125     IBECCBPFRPPMTZ
0514707    03909EUR2 3282163948905281125     LCCTP-20251127-ALMERYS TP          -512600305-0098532001-4909-
0514707    03909EUR2 3282163948905281125     RCN7P1SAA5EQOQR
0414707053703909EUR2E3282163948908281125  281125PRLV SEPA                        0DSWJ9S100000000157102KR      20250901
0514707    03909EUR2 3282163948908281125     LIBRELEVE 20250901
0514707    03909EUR2 3282163948908281125     LIBCOL0199A
0514707    03909EUR2 3282163948908281125     LIBPRLV SEPA CLUB OPTICLIBR
0414707050503909EUR2E3282163948905281125  281125VIREMENT SEPA                    F9T9JG1000000000003100{TP-20251128-SPSA
0514707    03909EUR2 3282163948905281125     LIBTP-20251128-SPSANT
0514707    03909EUR2 3282163948905281125     LIB-512600305-0000476776-4909-
0514707    03909EUR2 3282163948905281125     LIBEVI CETIP CETIP
0514707    03909EUR2 3282163948905281125     MMOEUR2000000000310000000000000000
0514707    03909EUR2 3282163948905281125     NPYCETIP CETIP
0514707    03909EUR2 3282163948905281125     NBEOPTIQUE D''ERLON
0514707    03909EUR2 3282163948905281125     LCCTP-20251128-SPSANT              -512600305-0000476776-4909-
0514707    03909EUR2 3282163948905281125     RCN000154-512600305
0414707050503909EUR2E3282163948905281125  281125VIREMENT SEPA                    F9TB9NZ000000000000000I0000005126003053
0514707    03909EUR2 3282163948905281125     LIB0000005126003053305830251127
0514707    03909EUR2 3282163948905281125     LIBEVI C.P.A.M. REIMS
0514707    03909EUR2 3282163948905281125     MMOEUR2000000000000090000000000000
0514707    03909EUR2 3282163948905281125     NPYC.P.A.M. REIMS
0514707    03909EUR2 3282163948905281125     IPY0
0514707    03909EUR2 3282163948905281125     NBESAS OPTIQUE D ERLON
0514707    03909EUR2 3282163948905281125     LCC0000005126003053305830251127
0514707    03909EUR2 3282163948905281125     RCN0000005126003053305830251127
0414707050503909EUR2E3282163948905281125  281125VIREMENT SEPA                    F9TBLZ9000000000000000I2025112600000051
0514707    03909EUR2 3282163948905281125     LIB2025112600000051260030 02511000
0514707    03909EUR2 3282163948905281125     LIBEVI MSA MARNE-ARDENNES-M
0514707    03909EUR2 3282163948905281125     MMOEUR2000000000000090000000000000
0514707    03909EUR2 3282163948905281125     NPYMSA MARNE-ARDENNES-MEUSE
0514707    03909EUR2 3282163948905281125     IPY39950709400015
0514707    03909EUR2 3282163948905281125     NBESAS OPTIQUE D ERLON
0514707    03909EUR2 3282163948905281125     LCC2025112600000051260030 02511000
0514707    03909EUR2 3282163948905281125     RCN2025112600000051260030 02511000
0414707050503909EUR2E3282163948905281125  281125VIREMENT SEPA                    F9TCCME000000000011998BTP-20251124-VIRE
0514707    03909EUR2 3282163948905281125     LIBTP-20251124-VIREMENT 8402095
0514707    03909EUR2 3282163948905281125     LIB-512600305-0075990010-4909-
0514707    03909EUR2 3282163948905281125     LIBEVI VIAMEDIS
0514707    03909EUR2 3282163948905281125     MMOEUR2000000001199820000000000000
0514707    03909EUR2 3282163948905281125     NPYVIAMEDIS
0514707    03909EUR2 3282163948905281125     NBED.ERLON OPTIQUE
0514707    03909EUR2 3282163948905281125     LCCTP-20251124-VIREMENT 8402095    -512600305-0075990010-4909-
0514707    03909EUR2 3282163948905281125     RCNTP-20251124-VIREMENT 8402095    -51
0414707020603909EUR2E3282163948930281125  281125REM.CARTE BLEUE                  0492417100000000002600{
0514707    03909EUR2 3282163948930281125     LIB                - NB0002/176417
0514707    03909EUR2 3282163948930281125     LIBREMISE CB 5951628015
0414707061003909EUR2E3282163948962281125  281125COMMISSIONS CB                   0492417100000000000007Q
0514707    03909EUR2 3282163948962281125     LIB                - NB0002/176417
0514707    03909EUR2 3282163948962281125     LIBCOM CB    5951628015
0414707012503909EUR2E3282163948911281125  301125FACTURETTES CB                   0000000100000000013163O
0714707    03909EUR2 32821639489  281125                                                  0000000236806A
0114607    00060EUR2 71021130179  271125M AELBRECHT BAPTISTE             COMPTE COURANT   0000001151507B
0714607    00060EUR2 71021130179  281125                                                  0000001151507B
0110807    00455EUR2 62321074944  271125R&S GROUP                        CCE R&S GROUP    0000000057145P
0410807020600455EUR2E6232107494430281125  281125REMISE CB                        0003806100000000002718HBRUT      272 92
0510807    00455EUR2 6232107494430281125     LIBBRUT      272 92E - COM    1 04E
0510807    00455EUR2 6232107494430281125     LIB                - NB0009/143806
0510807    00455EUR2 6232107494430281125     LIBREMISE CB 5075358014
0410807012500455EUR2E6232107494411281125  011225FACTURETTES CB                   0000000100000000018359P
0510807    00455EUR2 6232107494411281125     LIBVOTRE RELEVE ARRETE AU 28/11/25
0710807    00455EUR2 62321074944  281125                                                  0000000072786O
0110807    00449EUR2 25019722433  271125LA PAUSE DETENTE                 COMPTE COURANT   0000000015231I
0710807    00449EUR2 25019722433  281125                                                  0000000015231I
0113507    00161EUR2 32251542512  271125CSE STOKOMANI OEUVRES SOCIALES   COMPTE COURANT   0000000152548H
0413507020600161EUR2E3225154251230281125  281125REM.CARTE BLEUE                  0247216100000000000390CBRUT       39 20
0513507    00161EUR2 3225154251230281125     LIBBRUT       39 20E - COM    0 17E
0513507    00161EUR2 3225154251230281125     LIB                - NB0002/138216
0513507    00161EUR2 3225154251230281125     LIBREMISE CB 5454303011
0413507020600161EUR2E3225154251230281125  281125REM.CARTE BLEUE                  0246689100000000009265CBRUT      932 10
0513507    00161EUR2 3225154251230281125     LIBBRUT      932 10E - COM    5 57E
0513507    00161EUR2 3225154251230281125     LIB                - NB0065/140689
0513507    00161EUR2 3225154251230281125     LIBREMISE CB 5454303011
0413507093600161EUR2E3225154251206281125  281125VIR INST B2B                     WGJ9Q38100000000010243}P    S A S SPUNT
0513507    00161EUR2 3225154251206281125     LIBPOUR S A S SPUNTINI FOOD'S
0513507    00161EUR2 3225154251206281125     LIBFACTURE 20324773 20325066 LE CRO
0513507    00161EUR2 3225154251206281125     LIBVIR INST S A S SPUNTINI
0713507    00161EUR2 32251542512  281125                                                  0000000151961D
0110807    00457EUR2 02321140195  271125SCI GHTE22600                                     0000000047291E
0710807    00457EUR2 02321140195  281125                                                  0000000047291E
0117807    00803EUR2 05421129155  271125SC AJC CONSEILS                  COMPTE COURANT   0000000030363G
0717807    00803EUR2 05421129155  281125                                                  0000000030363G
0116807    00386EUR2 42821066881  271125AUTO MOTO ECOLE TINQUEUX         COMPTE COURANT   0000000000296}
0716807    00386EUR2 42821066881  281125                                                  0000000000296}