0130004    00585EUR2 00010310949  271125DOCTEUR ANTOINE HUART            COMPTE COURANT   0000000541541B
0430004001200585EUR2 0001031094962281125  281125SUR REMISE C.B. DU 2811 N.95118  00000001 0000000000013Q N.COM.417116601
0530004    00585EUR2 0001031094962281125     LIB5
0430004001200585EUR2 0001031094962281125  281125SUR REMISE C.B. DU 2811 N.62236  00000001 0000000000049N N.COM.417116501
0530004    00585EUR2 0001031094962281125     LIB1
0430004008300585EUR2 0001031094928281125  281125DU 241125 ACTION FRANCE S PARIS  00000000 0000000000067O CARTE 4974XXXXX
0530004    00585EUR2 0001031094928281125     LIBXXX1544
0430004008300585EUR2 0001031094928281125  281125DU 251125 MONOPRIX ISSY LES MOU  00000000 0000000000105ML CARTE 4974XXXX
0530004    00585EUR2 0001031094928281125     LIBXXXX1544
0430004008300585EUR2 0001031094928281125  281125DU 041125 MONOPRIX ISSY LES MOU  00000000 0000000000217QL CARTE 4974XXXX
0530004    00585EUR2 0001031094928281125     LIBXXXX1544
0430004008300585EUR2 0001031094928281125  281125DU 241125 PHARMACIE NAHAL ISSY-  00000000 0000000000797JLES-MOUL CARTE 4
0530004    00585EUR2 0001031094928281125     LIB974XXXXXXXX1544
0430004051600585EUR2 00010310949C1281125  281125SALAIRE NOV 2025 MAXIM GARCIA    00000000 0000000001213KNOTPROVIDED
0530004    00585EUR2 00010310949C1281125     LCCSALAIRE NOV 2025 MAXIM GARCIA
0530004    00585EUR2 00010310949C1281125     NBEMAXIM GARCIA
0530004    00585EUR2 00010310949C1281125     REFADD1E35A5DD74A6A9E52D88E60AA6731
0530004    00585EUR2 00010310949C1281125     RCNNOTPROVIDED
0430004052900585EUR2 0001031094921281125  281125/MOTIF SALAIRE NOV 2025 NOEMIE          0 0000000002184}
0530004    00585EUR2 0001031094921281125     NBEMLE NOEMIE LASAYGUES
0530004    00585EUR2 0001031094921281125     LCCSALAIRE NOV 2025 NOEMIE LASAYGUES
0430004051600585EUR2 00010310949C1281125  281125SALAIRE NOV 2025 BENEDITA MARQU  00000000 0000000004161ONOTPROVIDED
0530004    00585EUR2 00010310949C1281125     LCCSALAIRE NOV 2025 BENEDITA MARQUES
0530004    00585EUR2 00010310949C1281125     NBEFRANCISCO TELMO MARQUES RODRIGUES
0530004    00585EUR2 00010310949C1281125     REF8CE0D0C8F19E480F9945289D62AF6DE0
0530004    00585EUR2 00010310949C1281125     RCNNOTPROVIDED
0430004009900585EUR2 0001031094930281125  2811252811 N.95118 DE 92ISSY-LES-MOUL  295118   0000000004506{   N.COM.4171166
0530004    00585EUR2 0001031094930281125     LIB N.COM.4171166015
0430004051600585EUR2 00010310949C1281125  281125SALAIRE NOV 2025 AMBRE CHALVET   00000000 0000000009378LNOTPROVIDED
0530004    00585EUR2 00010310949C1281125     LCCSALAIRE NOV 2025 AMBRE CHALVET DARRAIDOU
0530004    00585EUR2 00010310949C1281125     NBECHALVET-DARRAIDOU AMBRE
0530004    00585EUR2 00010310949C1281125     REF9903D527FA794B73BEF1856E459DA709
0530004    00585EUR2 00010310949C1281125     RCNNOTPROVIDED
0430004052900585EUR2 0001031094921281125  281125/MOTIF SALAIRE NOV 2025 EMMA SO         0 0000000010939N
0530004    00585EUR2 0001031094921281125     NBEMLLE EMMA SOUSA FONSECA
0530004    00585EUR2 0001031094921281125     LCCSALAIRE NOV 2025 EMMA SOUSA FONSECA
0430004051600585EUR2 00010310949C1281125  281125SALAIRE NOV 2025 ELOISE HUSSON   00000000 0000000012538JNOTPROVIDED
0530004    00585EUR2 00010310949C1281125     LCCSALAIRE NOV 2025 ELOISE HUSSON
0530004    00585EUR2 00010310949C1281125     NBEELOISE HUSSON
0530004    00585EUR2 00010310949C1281125     REF56C5C0C3534F4B9B9BAE1237E762550B
0530004    00585EUR2 00010310949C1281125     RCNNOTPROVIDED
0430004051600585EUR2 00010310949C1281125  281125SALAIRE NOV 2025                 00000000 0000000015691MNOTPROVIDED
0530004    00585EUR2 00010310949C1281125     LCCSALAIRE NOV 2025
0530004    00585EUR2 00010310949C1281125     NBEDIGONNET ESTHER
0530004    00585EUR2 00010310949C1281125     REFE84692DEBE674D68A63150B53DD5159C
0530004    00585EUR2 00010310949C1281125     RCNNOTPROVIDED
0430004051600585EUR2 00010310949C1281125  281125SALAIRE NOV 2025                 00000000 0000000016504LNOTPROVIDED
0530004    00585EUR2 00010310949C1281125     LCCSALAIRE NOV 2025
0530004    00585EUR2 00010310949C1281125     NBEMR LUCAS CERATO
0530004    00585EUR2 00010310949C1281125     REFA98EEBB4F6F34E41BD522E4365E60844
0530004    00585EUR2 00010310949C1281125     RCNNOTPROVIDED
0430004009900585EUR2 0001031094930281125  2811252811 N.62236 DE 92ISSY-LES-MOUL  262236   0000000017075D   N.COM.4171165
0530004    00585EUR2 0001031094930281125     LIB N.COM.4171165011
0430004051600585EUR2 00010310949C1281125  281125SALAIRE NOV 2025                 55736160 0000000018324NNOTPROVIDED
0530004    00585EUR2 00010310949C1281125     LCCSALAIRE NOV 2025
0530004    00585EUR2 00010310949C1281125     NBETOUSCH EMILIE
0530004    00585EUR2 00010310949C1281125     REF0D5FC111E8A34233B688636905573616
0530004    00585EUR2 00010310949C1281125     RCNNOTPROVIDED
0430004051600585EUR2 00010310949C1281125  281125SALAIRE NOV 2025                 00000000 0000000025274}NOTPROVIDED
0530004    00585EUR2 00010310949C1281125     LCCSALAIRE NOV 2025
0530004    00585EUR2 00010310949C1281125     NBECAMILLE DIEUDONNE
0530004    00585EUR2 00010310949C1281125     REFC253DEF9F4164054ACAF4FC77AA896CC
0530004    00585EUR2 00010310949C1281125     RCNNOTPROVIDED
0730004    00585EUR2 00010310949  281125                                                  0000000445662E
0130004    00838EUR2 00000676036  271125ABC TELECOM                      COMPTE COURANT   0000000056873A
0430004008300838EUR2 0000067603628281125  281125DU 191125 AU BLE D OR VILLENEUV  00000000 0000000000042}E L CARTE 4974XX
0530004    00838EUR2 0000067603628281125     LIBXXXXXX3923
0430004008300838EUR2 0000067603628281125  281125DU 221125 AU BLE D OR VILLENEUV  00000000 0000000000042}E L CARTE 4974XX
0530004    00838EUR2 0000067603628281125     LIBXXXXXX3923
0430004008300838EUR2 0000067603628281125  281125DU 051125 LES SAVEURS DE VILLEN  00000000 0000000000055}EUVE CARTE 4974X
0530004    00838EUR2 0000067603628281125     LIBXXXXXXX3923
0430004008300838EUR2 0000067603628281125  281125DU 181125 AU BLE D OR VILLENEUV  00000000 0000000000055}E L CARTE 4974XX
0530004    00838EUR2 0000067603628281125     LIBXXXXXX3923
0430004008300838EUR2 0000067603628281125  281125DU 021125 VILLENEUVE LA G CARTE  00000000 0000000000064N 4974XXXXXXXX392
0530004    00838EUR2 0000067603628281125     LIB3 FRA 6 45EUR
0430004008300838EUR2 0000067603628281125  281125DU 031125 SC-POMME DE PAI VILLE  00000000 0000000000078}NEUVE LA CARTE 4
0530004    00838EUR2 0000067603628281125     LIB974XXXXXXXX3923
0430004008300838EUR2 0000067603628281125  281125DU 271125 4887 ERAGNY SUR ERAGN  00000000 0000000000086OY SUR OI CARTE 4
0530004    00838EUR2 0000067603628281125     LIB974XXXXXXXX3923
0430004008300838EUR2 0000067603628281125  281125DU 101125 MARIE B SAINT GILLES   00000000 0000000000118}CARTE 4974XXXXXX
0530004    00838EUR2 0000067603628281125     LIBXX3923
0430004008300838EUR2 0000067603628281125  281125DU 251125 SNCF VOYAGEURS ERAGNY  00000000 0000000000120} S OISE CARTE 49
0530004    00838EUR2 0000067603628281125     LIB74XXXXXXXX3923
0430004008300838EUR2 0000067603628281125  281125DU 071125 513108 STARBUCK TREMB  00000000 0000000000175}LAY EN F CARTE 4
0530004    00838EUR2 0000067603628281125     LIB974XXXXXXXX3923
0430004008300838EUR2 0000067603628281125  281125DU 251125 ZEN ST LAZARE PARIS C  00000000 0000000000199NARTE 4974XXXXXXX
0530004    00838EUR2 0000067603628281125     LIBX3923
0430004008300838EUR2 0000067603628281125  281125DU 061125 ANGEL BEAUTE ST OUEN   00000000 0000000000220}L AUM CARTE 4974
0530004    00838EUR2 0000067603628281125     LIBXXXXXXXX3923
0430004008300838EUR2 0000067603628281125  281125DU 101125 LE COMPTOIR DU SAINT-  00000000 0000000000300}PAUL CARTE 4974X
0530004    00838EUR2 0000067603628281125     LIBXXXXXXX3923
0430004008300838EUR2 0000067603628281125  281125DU 271125 GIFI GENNEV011281/ CA  00000000 0000000000312}RTE 4974XXXXXXXX
0530004    00838EUR2 0000067603628281125     LIB3923
0430004008300838EUR2 0000067603628281125  281125DU 251125 LE FAUCIGNY PARIS CAR  00000000 0000000000315}TE 4974XXXXXXXX3
0530004    00838EUR2 0000067603628281125     LIB923
0430004119400838EUR2 0000067603699281125  281125REMBOURST CB DU 111125 RYANAIR   0000000  0000000000320{224 CARTE 4974XX
0530004    00838EUR2 0000067603699281125     LIBXXXXXX3923 IRL 32 00EUR
0430004008300838EUR2 0000067603628281125  281125DU 271125 NATURE DECOUVER ERAGN  00000000 0000000000320}Y SUR OI CARTE 4
0530004    00838EUR2 0000067603628281125     LIB974XXXXXXXX3923
0430004008300838EUR2 0000067603628281125  281125DU 251125 SAS KING JOUET PARIS   00000000 0000000000399QCARTE 4974XXXXXX
0530004    00838EUR2 0000067603628281125     LIBXX3923
0430004008300838EUR2 0000067603628281125  281125DU 291025 SELARL PHARMACI ERAGN  00000000 0000000000404MY CARTE 4974XXXX
0530004    00838EUR2 0000067603628281125     LIBXXXX3923
0430004008300838EUR2 0000067603628281125  281125DU 011125 LA ROTONDE VILLENEUVE  00000000 0000000000450} LA CARTE 4974XX
0530004    00838EUR2 0000067603628281125     LIBXXXXXX3923
0430004008300838EUR2 0000067603628281125  281125DU 101125 LE COMPTOIR DU SAINT-  00000000 0000000000490}PAUL CARTE 4974X
0530004    00838EUR2 0000067603628281125     LIBXXXXXXX3923
0430004008300838EUR2 0000067603628281125  281125DU 161125 VILLA BAY VILLENEUVE   00000000 0000000000513LLA CARTE 4974XXX
0530004    00838EUR2 0000067603628281125     LIBXXXXX3923
0430004008300838EUR2 0000067603628281125  281125DU 101125 LE COMPTOIR DU SAINT-  00000000 0000000000520}PAUL CARTE 4974X
0530004    00838EUR2 0000067603628281125     LIBXXXXXXX3923
0430004008300838EUR2 0000067603628281125  281125DU 301025 ESSO DAC ERAGNY ERAGN  00000000 0000000000602NY530505/ CARTE 4
0530004    00838EUR2 0000067603628281125     LIB974XXXXXXXX3923
0430004008300838EUR2 0000067603628281125  281125DU 271125 ESSO31725ROC2 PIERRE0  00000000 0000000000664}31725/ CARTE 497
0530004    00838EUR2 0000067603628281125     LIB4XXXXXXXX3923
0430004008300838EUR2 0000067603628281125  281125DU 041125 ESSO DAC ERAGNY ERAGN  00000000 0000000000719KY530505/ CARTE 4
0530004    00838EUR2 0000067603628281125     LIB974XXXXXXXX3923
0430004008300838EUR2 0000067603628281125  281125DU 111125 DIMOMIX SAINT PAUL CA  00000000 0000000000744}RTE 4974XXXXXXXX
0530004    00838EUR2 0000067603628281125     LIB3923
0430004008300838EUR2 0000067603628281125  281125DU 251125 PULL AND BEAR PARIS C  00000000 0000000000759QARTE 4974XXXXXXX
0530004    00838EUR2 0000067603628281125     LIBX3923
0430004008300838EUR2 0000067603628281125  281125DU 181125 ESSO DAC ERAGNY ERAGN  00000000 0000000000762JY530505/ CARTE 4
0530004    00838EUR2 0000067603628281125     LIB974XXXXXXXX3923
0430004008300838EUR2 0000067603628281125  281125DU 031125 ZARA 1278 VILLENEUVE   00000000 0000000000860NLA CARTE 4974XXX
0530004    00838EUR2 0000067603628281125     LIBXXXXX3923
0430004008300838EUR2 0000067603628281125  281125DU 251125 HPY*SWEET PANTS CLICH  00000000 0000000001150}Y CARTE 4974XXXX
0530004    00838EUR2 0000067603628281125     LIBXXXX3923
0430004008300838EUR2 0000067603628281125  281125DU 211125 GRAND FRAIS ERAGNY SU  00000000 0000000001284QR OI CARTE 4974X
0530004    00838EUR2 0000067603628281125     LIBXXXXXXX3923
0430004008300838EUR2 0000067603628281125  281125DU 111125 SAO ST PAUL CARTE 497  00000000 0000000001293L4XXXXXXXX3923
0430004008300838EUR2 0000067603628281125  281125DU 041125 FOOT LOCKER INC VILLE  00000000 0000000001899RNEUVE CARTE 4974
0530004    00838EUR2 0000067603628281125     LIBXXXXXXXX3923
0430004008300838EUR2 0000067603628281125  281125DU 251125 JACQUEMUS PARIS CARTE  00000000 0000000001900} 4974XXXXXXXX392
0530004    00838EUR2 0000067603628281125     LIB3
0430004008300838EUR2 0000067603628281125  281125DU 251125 AMAZON PAYMENTS PAYLI  00000000 0000000001929N2441535/ CARTE 4
0530004    00838EUR2 0000067603628281125     LIB974XXXXXXXX3923
0430004008300838EUR2 0000067603628281125  281125DU 201125 NESPRESSO PARIS CARTE  00000000 0000000001960} 4974XXXXXXXX392
0530004    00838EUR2 0000067603628281125     LIB3
0430004008300838EUR2 0000067603628281125  281125DU 251125 RALPH LAUREN EU AMSTE  00000000 0000000002000}RDAM CARTE 4974X
0530004    00838EUR2 0000067603628281125     LIBXXXXXXX3923
0430004008300838EUR2 0000067603628281125  281125DU 271125 MARIONNAUD ERAGNY SUR  00000000 0000000002663O OI CARTE 4974XX
0530004    00838EUR2 0000067603628281125     LIBXXXXXX3923
0430004008300838EUR2 0000067603628281125  281125DU 251125 PRINTEMPS HAUSS PARIS  00000000 0000000002950} CARTE 4974XXXXX
0530004    00838EUR2 0000067603628281125     LIBXXX3923
0430004008300838EUR2 0000067603628281125  281125DU 251125 PRINTEMPS HAUSS PARIS  00000000 0000000003000} CARTE 4974XXXXX
0530004    00838EUR2 0000067603628281125     LIBXXX3923
0430004008300838EUR2 0000067603628281125  281125DU 251125 PRINTEMPS HAUSS PARIS  00000000 0000000003167K CARTE 4974XXXXX
0530004    00838EUR2 0000067603628281125     LIBXXX3923
0430004008300838EUR2 0000067603628281125  281125DU 251125 PRINTEMPS HAUSS PARIS  00000000 0000000003250} CARTE 4974XXXXX
0530004    00838EUR2 0000067603628281125     LIBXXX3923
0430004008300838EUR2 0000067603628281125  281125DU 231125 SIXT CGZ73PQSG CARTE   00000000 0000000006885R4974XXXXXXXX3923
0530004    00838EUR2 0000067603628281125     LIB USA 767 75USD COMMISSION   20 28
0430004008300838EUR2 0000067603628281125  281125DU 231125 AIR FRANCE ROISSY CDG  00000000 0000000009917} CE CARTE 4974XX
0530004    00838EUR2 0000067603628281125     LIBXXXXXX3923
0430004008300838EUR2 0000067603628281125  281125DU 231125 AIR FRANCE ROISSY CDG  00000000 0000000009917} CE CARTE 4974XX
0530004    00838EUR2 0000067603628281125     LIBXXXXXX3923
0430004008300838EUR2 0000067603628281125  281125DU 251125 PRINTEMPS HAUSS PARIS  00000000 0000000013500} CARTE 4974XXXXX
0530004    00838EUR2 0000067603628281125     LIBXXX3923
0730004    00838EUR2 00000676036  281125                                                  0000000021867L
0130004    01457EUR2 00010158674  271125PHARMACIE DE L ALISIER           COMPTE COURANT   0000000019243I
0730004    01457EUR2 00010158674  281125                                                  0000000019243I
0130003    02828EUR2 00020160382  271125EIRL M ZHANG MARC                COMPTE COURANT   0000002349605E
0730003    02828EUR2 00020160382  281125                                                  0000002349605E
0130004    00348EUR2 00010181358  271125MADEMOISELLE LAURENCE CLAUDINE   COMPTE COURANT   0000000194566E
0430004015100348EUR2 0001018135802261125  271125BORDEREAU 01722728 /NOPT/NB CHQ  1722728  0000000004536{ TRAITE /00001
0530004    00348EUR2 0001018135802261125     LIBBORDEREAU 01722728
0530004    00348EUR2 0001018135802261125     NOP00001
0430004000100348EUR2 0001018135801281125  271125CHEQUE N.7252096                 72520960 0000000003796M
0430004000100348EUR2 0001018135801281125  271125CHEQUE N.7252091                 72520910 0000000005688Q
0430004000100348EUR2 0001018135801281125  271125CHEQUE N.7252095                 72520950 0000000025000}
0430004008300348EUR2 0001018135828281125  281125DU 271125 S A S COCO JF SARTROU  00000000 0000000000231}VILLE CARTE 4974
0530004    00348EUR2 0001018135828281125     LIBXXXXXXXX5502
0430004056800348EUR2 0001018135818281125  281125BANQUE PALATINE                  0000000  0000000001985EPAIEMENT FOURNIS
0530004    00348EUR2 0001018135818281125     NPYBANQUE PALATINE
0530004    00348EUR2 0001018135818281125     LCCPAIEMENT FOURNISSEUR
0530004    00348EUR2 0001018135818281125     RCNPAIEMENT FOURNISSEUR
0530004    00348EUR2 0001018135818281125     PDOFR FRANCE
0430004056800348EUR2 0001018135818281125  281125BANQUE POPULAIRE DU NORD         0000000  0000000002706{PAIEMENT FOURNIS
0530004    00348EUR2 0001018135818281125     NPYBANQUE POPULAIRE DU NORD
0530004    00348EUR2 0001018135818281125     LCCPAIEMENT FOURNISSEUR
0530004    00348EUR2 0001018135818281125     RCNPAIEMENT FOURNISSEUR
0530004    00348EUR2 0001018135818281125     PDOFR FRANCE
0730004    00348EUR2 00010181358  281125                                                  0000000169077H
0130002    00629EUR2 0000007Y941  271125EURL PRARELO                     COMPTE COURANT   0000000594869E
0730002    00629EUR2 0000007Y941  281125                                                  0000000594869E
0116706    05059EUR2 54004705276  271125RBL                           RBL                 0000000085995{  194
0716706    05059EUR2 54004705276  281125        ------------------------------            0000000085995{
0130004    00908EUR2 00010151875  271125L'EPICURIEN                      COMPTE COURANT   0000000036516F
0430004009900908EUR2 0001015187530271125  2811252711 N.39572 DE 93ROSNY SOUS BO  139572   0000000001760{   N.COM.4257323
0530004    00908EUR2 0001015187530271125     LIB N.COM.4257323014
0430004008300908EUR2 0001015187528281125  281125DU 271125 REGIE HORODATEU LE RA  00000000 0000000000029}INCY CARTE 4974X
0530004    00908EUR2 0001015187528281125     LIBXXXXXXX0444
0430004056800908EUR2 0001015187518281125  281125CCAS DE LA RATP                  0000000  0000000000450F2025112500000093
0530004    00908EUR2 0001015187518281125     NPYCCAS DE LA RATP
0530004    00908EUR2 0001015187518281125     NPOCCAS DE LA RATP
0530004    00908EUR2 0001015187518281125     LCC2025112500000093111247 751000
0530004    00908EUR2 0001015187518281125     RCN2025112500000093111247 751000
0530004    00908EUR2 0001015187518281125     PDOFR FRANCE
0430004009900908EUR2 0001015187530281125  2811252811 N.69837 DE 93ROSNY SOUS BO  269837   0000000001290{   N.COM.4257324
0530004    00908EUR2 0001015187530281125     LIB N.COM.4257324011
0730004    00908EUR2 00010151875  281125                                                  0000000039988B
0130004    03130EUR2 00011644957  271125MR DAVEAU XAVIER              MR DAVEAU XAVIER    0000000259378I
0430004052903130EUR2 0001164495721281125  281125/MOTIF FAC 1098 /BEN PETITDIDIE         0 0000000000960}
0530004    03130EUR2 0001164495721281125     NPYCF PARIS
0530004    03130EUR2 0001164495721281125     NBEPETITDIDIER ENVIRONT
0530004    03130EUR2 0001164495721281125     LCCFAC 1098
0530004    03130EUR2 0001164495721281125     RCNCF PARIS 1098
0530004    03130EUR2 0001164495721281125     REFPETITDIDIER                        PETITDIDIER
0530004    03130EUR2 0001164495721281125     CBEFR7630066108980001016020138
0430004052903130EUR2 0001164495721281125  281125/MOTIF /BEN ETANCO /REFDO ETANC         0 0000000002556J
0530004    03130EUR2 0001164495721281125     NPYCF PARIS
0530004    03130EUR2 0001164495721281125     NBEETANCO
0530004    03130EUR2 0001164495721281125     RCNCF PARIS 7921
0530004    03130EUR2 0001164495721281125     REFETANCO 7921                        ETANCO 7921
0530004    03130EUR2 0001164495721281125     CBEFR7630003018600002001819249
0430004052903130EUR2 0001164495721281125  281125/MOTIF /BEN OSN PROPRETE /REFDO         0 0000000005434O
0530004    03130EUR2 0001164495721281125     NPYCF PARIS
0530004    03130EUR2 0001164495721281125     NBEOSN PROPRETE
0530004    03130EUR2 0001164495721281125     RCNCF PARIS 1472
0530004    03130EUR2 0001164495721281125     REFOSN 1472                           OSN 1472
0530004    03130EUR2 0001164495721281125     CBEFR7630004000920001006735678
0430004052903130EUR2 0001164495721281125  281125/MOTIF /BEN MEISER /REFDO MEISE         0 0000000009180Q
0530004    03130EUR2 0001164495721281125     NPYCF PARIS
0530004    03130EUR2 0001164495721281125     NBEMEISER
0530004    03130EUR2 0001164495721281125     RCNCF PARIS 2939
0530004    03130EUR2 0001164495721281125     REFMEISER 2939                        MEISER 2939
0530004    03130EUR2 0001164495721281125     CBEFR7630004028470001026750946
0430004052903130EUR2 0001164495721281125  281125/MOTIF /BEN REBER /REFDO REBER          0 0000000016593O
0530004    03130EUR2 0001164495721281125     NPYCF PARIS
0530004    03130EUR2 0001164495721281125     NBEREBER
0530004    03130EUR2 0001164495721281125     RCNCF PARIS 255
0530004    03130EUR2 0001164495721281125     REFREBER 255                          REBER 255
0530004    03130EUR2 0001164495721281125     CBEFR7630066108980002007670150
0430004052903130EUR2 0001164495721281125  281125/MOTIF FAC 564/65 /BEN METAL CO         0 0000000020160}
0530004    03130EUR2 0001164495721281125     NPYCF PARIS
0530004    03130EUR2 0001164495721281125     NBEMETAL CONCEPT
0530004    03130EUR2 0001164495721281125     LCCFAC 564/65
0530004    03130EUR2 0001164495721281125     RCNFAC 564/65 CF PARIS
0530004    03130EUR2 0001164495721281125     REFMETAL CONCEP                       METAL CONCEP
0530004    03130EUR2 0001164495721281125     CBEFR7610278026840004512220258
0430004052903130EUR2 0001164495721281125  281125/MOTIF /BEN LDI /REFDO LDI 786A         0 0000000023605}
0530004    03130EUR2 0001164495721281125     NPYCF PARIS
0530004    03130EUR2 0001164495721281125     NBELDI
0530004    03130EUR2 0001164495721281125     RCNCF PARIS 786 A 788
0530004    03130EUR2 0001164495721281125     REFLDI 786A788                        LDI 786A788
0530004    03130EUR2 0001164495721281125     CBEFR7610278063180002105640174
0430004052903130EUR2 0001164495721281125  281125/MOTIF /BEN RAICO /REFDO RAICO          0 0000000031935R
0530004    03130EUR2 0001164495721281125     NPYCF PARIS
0530004    03130EUR2 0001164495721281125     NBERAICO
0530004    03130EUR2 0001164495721281125     RCNCF PARIS 6606
0530004    03130EUR2 0001164495721281125     REFRAICO 6606                         RAICO 6606
0530004    03130EUR2 0001164495721281125     CBEFR7630087330850006639870109
0430004052903130EUR2 0001164495721281125  281125/MOTIF 13875 A 14037 FACTO /BEN         0 0000000056333Q
0530004    03130EUR2 0001164495721281125     NPYCF PARIS
0530004    03130EUR2 0001164495721281125     NBEAERIAL FACTOFRANCE
0530004    03130EUR2 0001164495721281125     LCC13875 A 14037 FACTO
0530004    03130EUR2 0001164495721281125     RCNCF PARIS 13875 A 14037
0530004    03130EUR2 0001164495721281125     REFAERIAL                             AERIAL
0530004    03130EUR2 0001164495721281125     CBEFR7613580000010281392103037
0430004052903130EUR2 0001164495721281125  281125/MOTIF /BEN NPC SASU /REFDO NPC         0 0000000060501}
0530004    03130EUR2 0001164495721281125     NPYCF PARIS
0530004    03130EUR2 0001164495721281125     NBENPC SASU
0530004    03130EUR2 0001164495721281125     RCNCF PARIS FA 278
0530004    03130EUR2 0001164495721281125     REFNPC FAC 278                        NPC FAC 278
0530004    03130EUR2 0001164495721281125     CBEFR7610278062890002053020146
0730004    03130EUR2 00011644957  281125                                                  0000000032118A
0117515RLV 00092EUR2 08000510455  271125L.I.V.IMMO                       COMPTE COURANT   0000000290256D        DATALYS
0417515RLV 00092EUR2E0800051045506281125  281125VIR INST MR OU MME TRAVERT ERI   65709191 0000000014707R
0517515    00092EUR2 0800051045506281125     LIB2533222I10125069          25332P
0517515    00092EUR2 0800051045506281125     NPYT P C
0517515    00092EUR2 0800051045506281125     NBEMR OU MME TRAVERT ERIC
0517515    00092EUR2 0800051045506281125     LCCPAIE 11/25
0517515    00092EUR2 0800051045506281125     RCN1764340190500
0517515    00092EUR2 0800051045506281125     REF                                   2533222I10125069CEN2025 11 28IP
0417515RLV 00092EUR2E0800051045506281125  281125VIR INST MR OU MME TRAVERT ERI   47420951 0000000060000}
0517515    00092EUR2 0800051045506281125     LIB2533222I10125343          25332P
0517515    00092EUR2 0800051045506281125     NPYT P C
0517515    00092EUR2 0800051045506281125     NBEMR OU MME TRAVERT ERIC
0517515    00092EUR2 0800051045506281125     LCCPERSONNEL
0517515    00092EUR2 0800051045506281125     RCN1764340269408
0517515    00092EUR2 0800051045506281125     REF                                   2533222I10125343CEN2025 11 28IP
0417515RLV 00092EUR2E0800051045506281125  281125VIR INST TRAVERT DAMIEN          29400691 0000000020605O
0517515    00092EUR2 0800051045506281125     LIB2533222I10104965          25332O
0517515    00092EUR2 0800051045506281125     NPYT P C
0517515    00092EUR2 0800051045506281125     NBETRAVERT DAMIEN
0517515    00092EUR2 0800051045506281125     LCCPAIE 11/25
0517515    00092EUR2 0800051045506281125     RCN1764335036388
0517515    00092EUR2 0800051045506281125     REF                                   2533222I10104965CEN2025 11 28IP
0417515RLV 00092EUR2E08000510455B1281125  281125*++FM-2062277FREE MOBILE         12844881 0000000000199R
0517515    00092EUR2 08000510455B1281125     LIB*++FM 2062277FREE MOBILE
0517515    00092EUR2 08000510455B1281125     NPYTRAVERT ERIC
0517515    00092EUR2 08000510455B1281125     IPYFMC 13395519                       PRVID
0517515    00092EUR2 08000510455B1281125     RCNFMPMT 2307273027
0517515    00092EUR2 08000510455B1281125     RUM++FM 20622773 1                    RCUR
0517515    00092EUR2 08000510455B1281125     CPYFR7617515000920800051554035
0517515    00092EUR2 08000510455B1281125     NBEFREE MOBILE
0517515    00092EUR2 08000510455B1281125     IBEFR07ZZZ591778                      SEPA
0717515RLV 00092EUR2 08000510455  281125                                                  0000000194743{
0117515RLV 00092EUR2 08000510455  281125L.I.V.IMMO                       COMPTE COURANT   0000000194743{        DATALYS
0417515RLV 00092EUR2E0800051045518291125  010725* REMB COTIS CARTE BUSINESS      02312491 0000000000420B
0417515RLV 00092EUR2E0800051045518291125  250925* ACTU.DOSSIER JURI-ADMINISTF.   79500721 0000000000920{
0417515RLV 00092EUR2E0800051045502291125  021225REMISE CHEQUES N  0004877        00048771 0000000003360{
0517515    00092EUR2 0800051045502291125     LIBREMIS LE 29/11/2025  TAVERNY
0417515RLV 00092EUR2E0800051045502291125  021225REMISE CHEQUES N  0004878        00048781 0000000003850{
0517515    00092EUR2 0800051045502291125     LIBREMIS LE 29/11/2025  TAVERNY
0417515RLV 00092EUR2E0800051045502291125  021225REMISE CHEQUES N  0004879        00048791 0000000009100{
0517515    00092EUR2 0800051045502291125     LIBREMIS LE 29/11/2025  TAVERNY
0417515RLV 00092EUR2E0800051045502291125  021225REMISE CHEQUES N  0004880        00048801 0000000000900{
0517515    00092EUR2 0800051045502291125     LIBREMIS LE 29/11/2025  TAVERNY
0417515RLV 00092EUR2E0800051045502291125  021225REMISE CHEQUES N  0004882        00048821 0000000003120{
0517515    00092EUR2 0800051045502291125     LIBREMIS LE 29/11/2025  TAVERNY
0717515RLV 00092EUR2 08000510455  291125                                                  0000000216413B