0118079    60167EUR2 02590440468  021225DOCTEUR CHRISTOPHE LEFEVRE SELAR                  0000000000139C0000
0718079    60167EUR2 02590440468  031225                                                  0000000000139C
0118079    60167EUR2 02588930433  021225SARL AGENCE DIAG EXPERT          COMPTE COURANT   0000000033524D0000
0418079    60167EUR2E0258893043330031225  021225REMISE TPV N. 1377090 01  021225 13770901 0000000004880E
0518079    60167EUR2 0258893043330031225     LIBT09002137709001
0418079    60167EUR2E0258893043330031225  021225REMISE TPV N. 1530672 01  021225 15306721 0000000001394C
0518079    60167EUR2 0258893043330031225     LIBT09002153067201
0418079    60167EUR2E0258893043362031225  031225COM. CARTES 1530672 01 0212      15306721 0000000000012Q
0518079    60167EUR2 0258893043362031225     LIBT50005153067201
0518079    60167EUR2 0258893043362031225     LIB      EUR512-         EUR 02OEUR T50009
0418079    60167EUR2E0258893043362031225  031225COM. CARTES 1377090 01 0212      13770901 0000000000058K
0518079    60167EUR2 0258893043362031225     LIBT50005137709001
0518079    60167EUR2 0258893043362031225     LIB      EUR512-         EUR 02OEUR T50009
0718079    60167EUR2 02588930433  031225                                                  0000000039728B