0110207    00052EUR2 22217782342  271125LK DEVELOPPEMENT                 COMPTE COURANT   0000001769984F
0710207    00052EUR2 22217782342  281125                                                  0000001769984F
0110107    00342EUR2 00929031259  271125SOCIETE CIVILE IMMOBILIERE IREM  COMPTE COURANT   0000000107384F
0410107056900342EUR2E0092903125905281125  281125VIREMENT SEPA RECU   569    000  2816110  0000000000168D
0510107    00342EUR2 0092903125905281125     NPYPLUXEE FRANCE
0510107    00342EUR2 0092903125905281125     RCNSOD-TRD-2027227-23112025
0510107    00342EUR2 0092903125905281125     LIBSOGEFRPPXXX
0410107020700342EUR2E0092903125930281125  281125REMISE CB            207    000  0100759  0000000000081{
0510107    00342EUR2 0092903125930281125     LIBMT. BRUT.           8 15 EUR REF. 5123018001
0510107    00342EUR2 0092903125930281125     LIB(FRAIS E.    0 05 DONT HT E.    0 04
0510107    00342EUR2 0092903125930281125     LIBTVA TAUX 20 00   E.    0 01)
0410107020700342EUR2E0092903125930281125  281125REMISE CB            207    000  0199476  0000000006267A
0510107    00342EUR2 0092903125930281125     LIBMT. BRUT.         631 25 EUR REF. 5123028001
0510107    00342EUR2 0092903125930281125     LIB(FRAIS E.    4 54 DONT HT E.    3 78
0510107    00342EUR2 0092903125930281125     LIBTVA TAUX 20 00   E.    0 76)
0410107056800342EUR2E0092903125906281125  281125VIREMENT SEPA EMIS   568    000  90056050 0000000007831M
0510107    00342EUR2 0092903125906281125     NBELELIEVRE SAS
0510107    00342EUR2 0092903125906281125     LCCPIEKARZ 100284
0510107    00342EUR2 0092903125906281125     LIBNATXFRPPXXX
0410107056800342EUR2E0092903125906281125  281125VIREMENT SEPA EMIS   568    000  90056220 0000000000090N
0510107    00342EUR2 0092903125906281125     NBELELIEVRE SAS
0510107    00342EUR2 0092903125906281125     LCCPIEKARZ 100284
0510107    00342EUR2 0092903125906281125     LIBNATXFRPPXXX
0410107087600342EUR2E00929031259C1281125  281125VIREMENT INST. EMIS  876    000  52749EC0 0000000004580P
0510107    00342EUR2 00929031259C1281125     NBELELIEVRE SAS
0510107    00342EUR2 00929031259C1281125     LCCPIEKARZ 100284
0510107    00342EUR2 00929031259C1281125     RCNNOTPROVIDED
0510107    00342EUR2 00929031259C1281125     LIBNATXFRPPXXX
0510107    00342EUR2 00929031259C1281125     LIB28/11/2025 14 18 38 CET
0710107    00342EUR2 00929031259  281125                                                  0000000101398E
0110207    00007EUR2 22219897503  271125S.C.I. DAM                       COMPTE COURANT   0000000328861H
0410207059300007EUR2E2221989750305281125  281125VIR INST                         WFM1KKU000000000008000{BIPT253320300434
0510207    00007EUR2 2221989750305281125     LIBBIPT253320300434657 C
0510207    00007EUR2 2221989750305281125     LIBVIREMENT DE CHARLOTTE TERIN
0510207    00007EUR2 2221989750305281125     LIBVIR INST CHARLOTTE TERIN
0710207    00007EUR2 22219897503  281125                                                  0000000336861H
0110107    00342EUR2 00312077208  271125AGP RENOVATION                   COMPTE COURANT   0000000035409E
0710107    00342EUR2 00312077208  281125                                                  0000000035409E