0110207    00162EUR2 70211464715  281125SCP MBA                          COMPTE COURANT   0000000377485E
0410207052200162EUR2E7021146471506011225  011225EVI PERMANENT                    1237770100000000012000}LOYER
0510207    00162EUR2 7021146471506011225     LIBLOYER
0510207    00162EUR2 7021146471506011225     LIBEVI SCI JICB
0410207004800162EUR2E7021146471502011225  011225REMISE CHEQUES                   2240598000000000008130{
0510207    00162EUR2 7021146471502011225     LIBREM CHQ  DE 27   CHEQUE(
0410207004800162EUR2E7021146471502011225  021225REMISE CHEQUES                   2240621000000000004590{
0510207    00162EUR2 7021146471502011225     LIBREM CHQ  DE 12   CHEQUE(
0710207    00162EUR2 70211464715  011225                                                  0000000378205E