0130003    00715EUR2 00120084832  281125DECOFOR                          DECOFOR S.A.S    0000000001929D
0730003    00715EUR2 00120084832  011225                                                  0000000001929D
0130003    00712EUR2 00020517463  281125GHM                              COMPTE COURANT   0000000046197F
0730003    00712EUR2 00020517463  011225                                                  0000000046197F
0130003    00745EUR2 00020674748  281125CAPCARRERE                       COMPTE COURANT   0000000361108{
0730003    00745EUR2 00020674748  011225                                                  0000000361108{
0130003    02944EUR2 00020077878  281125SCI DE L'ALISIER                 COMPTE COURANT   0000000009117D
0730003    02944EUR2 00020077878  011225                                                  0000000009117D
0130003    00741EUR2 00020166712  281125EMON RESTAURANT DU LAC B         COMPTE COURANT   0000000522256C
0430003073000741EUR2 00020166712300112250001122529/11 R78832 CT3948294502        00788320 0000000013075AREMISE CB /
0530003    00741EUR2 0002016671230011225     LIBBT      1313 30E COM     5 79E
0430003073000741EUR2 00020166712300112250001122528/11 R02597 CT3948294502        00025970 0000000007007IREMISE CB /
0530003    00741EUR2 0002016671230011225     LIBBT       703 60E COM     2 81E
0430003073000741EUR2 00020166712300112250001122528/11 R02461 CT3948294501        00024610 0000000004970AREMISE CB /
0530003    00741EUR2 0002016671230011225     LIBBT       500 00E COM     2 99E
0430003073000741EUR2 00020166712300112250001122529/11 R78588 CT3948294501        00785880 0000000001532FREMISE CB /
0530003    00741EUR2 0002016671230011225     LIBBT       154 50E COM     1 24E
0430003219000741EUR2 000201667121801122500011225SERDIS SAS   VIR SERDIS S.A.S.   00000000 0000000000675{6290576166S
0530003    00741EUR2 0002016671218011225     NPYVIR SERDIS S.A.S.
0530003    00741EUR2 0002016671218011225     LCCSERDIS SAS
0530003    00741EUR2 0002016671218011225     RCNPILES PLATES
0430003949000741EUR2 000201667122101122500011225000001 VIR EUROPEEN EMIS   NET   99130930 0000000005760}9533519780324
0530003    00741EUR2 0002016671221011225     NBESARL ICICARTEGRISE
0530003    00741EUR2 0002016671221011225     REF FACTURE N FA00007124 DU 01/12/2025
0530003    00741EUR2 0002016671221011225     BDBCCBPFRPPNAN
0530003    00741EUR2 0002016671221011225     LEM                                   032025335197803240000000 001 VI
0430003949000741EUR2 000201667122101122500011225000001 VIR EUROPEEN EMIS   NET   58865070 0000000016499}9533317792477
0530003    00741EUR2 0002016671221011225     NBEFACON DAMIEN
0530003    00741EUR2 0002016671221011225     REF 032025333177924770000000
0530003    00741EUR2 0002016671221011225     LCCSALAIRE NOVEMBRE
0530003    00741EUR2 0002016671221011225     BDBPSSTFRPPLIL
0430003949000741EUR2 000201667122101122500011225000001 VIR EUROPEEN EMIS   NET   58866610 0000000016607J9533317794832
0530003    00741EUR2 0002016671221011225     NBEVERRIER MICKAEL
0530003    00741EUR2 0002016671221011225     REF 032025333177948320000000
0530003    00741EUR2 0002016671221011225     LCCSALAIRE NOVEMBRE
0530003    00741EUR2 0002016671221011225     BDBCMCIFRPP
0430003949000741EUR2 000201667122101122500011225000001 VIR EUROPEEN EMIS   NET   58867700 0000000047779K9533317797235
0530003    00741EUR2 0002016671221011225     NBECARON PASCAL
0530003    00741EUR2 0002016671221011225     REF 032025333177972350000000
0530003    00741EUR2 0002016671221011225     LCCSALAIRE NOVEMBRE
0530003    00741EUR2 0002016671221011225     BDBSOGEFRPP
0430003108000741EUR2 000201667120701122500301125RELEVE LCR DOMICIL NO 03420770   34207700 0000000059549LAU 01/12
0730003    00741EUR2 00020166712  011225                                                  0000000403322D
0120041    01005EUR2 2724317620J  281125AGP RENOVATION                   COMPTE COURANT   0000009497060A
0420041851001005EUR2E2724317620J18011225  011225VIRTRECU SCT                     00000001 0000000000816{
0520041    01005EUR2 2724317620J18011225     NPYS.A.S. L ART DE L INTERIEUR
0520041    01005EUR2 2724317620J18011225     RCNDEV2025-11-08687
0520041    01005EUR2 2724317620J18011225     LCCDEV2025-11-08687
0520041    01005EUR2 2724317620J18011225     LIBAGRIFRPP891FR7619106000454369269628028
0520041    01005EUR2 2724317620J18011225     MMOEUR20000000000816000
0420041851001005EUR2E2724317620JC2011225  011225VIRTRECU SCTINST                 00000001 0000000001035H
0520041    01005EUR2 2724317620JC2011225     NPYMR    GOUGET JEAN-PIERRE
0520041    01005EUR2 2724317620JC2011225     RCNVirement de MR GOUGET JEANPIERRE
0520041    01005EUR2 2724317620JC2011225     LCCVirement de MR GOUGET JEAN-PIERRE
0520041    01005EUR2 2724317620JC2011225     LIBCCBPFRPPMTGFR7610207001522719014284439
0520041    01005EUR2 2724317620JC2011225     NBEEURO DIFFUSION SAS
0420041851001005EUR2E2724317620JC2011225  011225VIRTRECU SCTINST                 00000001 0000000001058D
0520041    01005EUR2 2724317620JC2011225     NPYMONSIEUR LAGRACE OLIVIER
0520041    01005EUR2 2724317620JC2011225     RCNDEV2025-12-08696
0520041    01005EUR2 2724317620JC2011225     LIBAGRIFRPP868FR7616806099390556264300189
0520041    01005EUR2 2724317620JC2011225     NBEEURO DIFFUSION S.A.S.
0420041851001005EUR2E2724317620J18011225  011225VIRTRECU SCT                     00000001 0000000005608H
0520041    01005EUR2 2724317620J18011225     NPYASSOCIATION PLACE DE CHAMBRE
0520041    01005EUR2 2724317620J18011225     RCNVIREMENT VERS SAS EURO DIFFUSION
0520041    01005EUR2 2724317620J18011225     LCCDALLES
0520041    01005EUR2 2724317620J18011225     LIBCEPAFRPP513FR7615135005000800612456401
0520041    01005EUR2 2724317620J18011225     MMOEUR20000000005608800
0420041851001005EUR2E2724317620J18011225  011225VIRTRECU SCT                     00000001 0000000012834{
0520041    01005EUR2 2724317620J18011225     NPYNM HABITAT
0520041    01005EUR2 2724317620J18011225     RCNDEV2025-11-08668 SCI NM HABITAT
0520041    01005EUR2 2724317620J18011225     LCCDEV2025-11-08668 SCI NM HABITAT
0520041    01005EUR2 2724317620J18011225     LIBCRLYFRPPXXXFR6830002038330000073149U13
0520041    01005EUR2 2724317620J18011225     MMOEUR20000000012834000
0720041    01005EUR2 2724317620J  011225                                                  0000009518413A0000000000000{
0130003    02944EUR2 00020031538  28112501TE012782                 TE                     0000000188462F
0430003501002944EUR2 00020031538C201122500011225TRAVAUX      MR OU MME LANGLET   68888660 0000000037920{583576888866
0530003    02944EUR2 00020031538C2011225     NPYMR OU MME LANGLET JACQUES
0530003    02944EUR2 00020031538C2011225     LCCTRAVAUX
0530003    02944EUR2 00020031538C2011225     RCNNOT PROVIDED
0430003949002944EUR2 000200315382101122500011225000001 VIR EUROPEEN EMIS   NET   75438840 0000000000600}9533519583239
0530003    02944EUR2 0002003153821011225     NBEFRENCH WASH SASU
0530003    02944EUR2 0002003153821011225     REF 032025335195832390000000
0530003    02944EUR2 0002003153821011225     LCCFACTURE 374 DU 29/11/2025
0530003    02944EUR2 0002003153821011225     BDBAGRIFRPP887
0430003416002944EUR2 000200315387201122500291125ECHEANCE PRET N 223555135171     51351711 0000000000354J
0530003    02944EUR2 0002003153872011225     LIBPGE - PRIME DE GARANTIE DE L'ETAT
0430003416002944EUR2 000200315387201122500291125ECHEANCE PRET N 223555135171     51351711 0000000022094R
0530003    02944EUR2 0002003153872011225     LIBCAPITAL AMORTI   2 095 34
0530003    02944EUR2 0002003153872011225     LIBINTERETS   77 23
0530003    02944EUR2 0002003153872011225     LIBASSURANCE   36 92
0530003    02944EUR2 0002003153872011225     LIBCAPITAL RESTANT   42 674 16
0430003108002944EUR2 000200315380701122500301125RELEVE LCR DOMICIL NO 12932911   29329110 0000000020632NAU 01/12
0730003    02944EUR2 00020031538  011225                                                  0000000182701A
0130003    00718EUR2 00020520298  281125DOCTEUR AUDREY MARQUET           COMPTE COURANT   0000000036637O
0730003    00718EUR2 00020520298  011225                                                  0000000036637O
0130003    02946EUR2 00020012279  281125THOMAS FRUCHART FLEURISTE        COMPTE COURANT   0000000165408G
0430003949002946EUR2 000200122792101122500011225000001 VIR EUROPEEN EMIS   NET   06277030 0000000164908P9533519848940
0530003    02946EUR2 0002001227921011225     NBESCI DU FRENE
0530003    02946EUR2 0002001227921011225     REF 032025335198489400000000
0530003    02946EUR2 0002001227921011225     BDBAGRIFRPP887
0530003    02946EUR2 0002001227921011225     LEM                                   032025335198489400000000 001 VI
0730003    02946EUR2 00020012279  011225                                                  0000000000500{
0130056    00615EUR2 06150066951  281125EIRL DE FARIA PLOMBERIE          COMPTE COURANT   0000000006052G
0730056    00615EUR2 06150066951  011225                                                  0000000006052G
0130003    00715EUR2 00020084832  281125MR CARTON MATTHIEU               COMPTE COURANT   0000000008079H
0430003188000715EUR2 000200848326229112500281125FRAIS VIREMENT SEPA ELEC         00000001 0000000000002N
0530003    00715EUR2 0002008483262291125     LIBREF STP
0430003073000715EUR2 00020084832300112250001122530/11 R18470 CT3128599001        00184700 0000000030081IREMISE CB /
0530003    00715EUR2 0002008483230011225     LIBBT      3029 40E COM    21 21E
0430003073000715EUR2 00020084832300112250001122529/11 R02368 CT3128599001        00023680 0000000020748IREMISE CB /
0530003    00715EUR2 0002008483230011225     LIBBT      2089 50E COM    14 61E
0430003073000715EUR2 00020084832300112250001122528/11 R25950 CT3128599001        00259500 0000000019162IREMISE CB /
0530003    00715EUR2 0002008483230011225     LIBBT      1929 80E COM    13 51E
0430003073000715EUR2 00020084832300112250001122528/11 R25837 CT3128599801        00258370 0000000018843IREMISE CB /
0530003    00715EUR2 0002008483230011225     LIBBT      1897 60E COM    13 21E
0430003073000715EUR2 00020084832300112250001122528/11 R82834 CT3835753001        00828340 0000000001999IREMISE CB /
0530003    00715EUR2 0002008483230011225     LIBBT       201 00E COM     1 01E
0430003661000715EUR2 000200848322801122500011225CARTE X7753 28/11 CASTORAMA      00010000 0000000000189L
0430003661000715EUR2 000200848322801122500011225CARTE X7753 30/11 SURF SHOP LE   00020000 0000000000780}ROCHER
0430003432000715EUR2 00020084832B101122500011225/INV/89845758PASSIONFROID PARIS  53155550 0000000004748}5905315555
0530003    00715EUR2 00020084832B1011225     NBEPASSIONFROID PARIS NORD
0530003    00715EUR2 00020084832B1011225     IBEFR74ZZZ316644
0530003    00715EUR2 00020084832B1011225     LCC/INV/8984575853 30.10.2025
0530003    00715EUR2 00020084832B1011225     RCN0900200653
0430003432000715EUR2 00020084832B101122500011225PRELEVEMENT EORANGE LEASE        13561630 0000000006086N5911356163
0530003    00715EUR2 00020084832B1011225     NBEORANGE LEASE
0530003    00715EUR2 00020084832B1011225     IBEFR24ZZZ394077
0530003    00715EUR2 00020084832B1011225     LCCPRELEVEMENT EMIS SEPA          /CNI19191    /31359938
0530003    00715EUR2 00020084832B1011225     RCNNI19191    /31359938
0430003432000715EUR2 00020084832B10112250001122525518965LL255VW BANK FRANCE      97294770 0000000010527N5509729477
0530003    00715EUR2 00020084832B1011225     NBEVW BANK FRANCE
0530003    00715EUR2 00020084832B1011225     IBEFR51ZZZ487778
0530003    00715EUR2 00020084832B1011225     LCC25518965LL25518965LL R062919035
0530003    00715EUR2 00020084832B1011225     RCNEKI416E00629190352025530182364325
0430003432000715EUR2 00020084832B101122500011225BNP PARIBAS LBNP PARIBAS LEASE   53155460 0000000013296}5905315546
0530003    00715EUR2 00020084832B1011225     NBUBNP PARIBAS LEASE GROUP
0530003    00715EUR2 00020084832B1011225     IBEFR17ZZZ100196
0530003    00715EUR2 00020084832B1011225     LCCBNP PARIBAS LEASE GROUP /A1J99071/.1A1J99071001011225EPG67Y34951 /SIEN
0530003    00715EUR2 00020084832B1011225     LC20100446350                 /FLG1H304524
0430003432000715EUR2 00020084832B1011225000112255445825 F2512BPIFRANCE           95773010 0000000051828Q5709577301
0530003    00715EUR2 00020084832B1011225     NBEBPIFRANCE
0530003    00715EUR2 00020084832B1011225     IBEFR34ZZZ134228
0530003    00715EUR2 00020084832B1011225     LCC5445825 F2512/000517568
0530003    00715EUR2 00020084832B1011225     RCNRUM-01233928-18064148
0730003    00715EUR2 00020084832  011225                                                  0000000011458G
0130003    03871EUR2 00020147329  281125GROUPE EMON                      COMPTE COURANT   0000000394103D
0430003501003871EUR2 00020147329C201122500011225VIR DE MLE MAMLE MANON BARBERIS  72755540 0000000015000{583577275554
0530003    03871EUR2 00020147329C2011225     NPYMLE MANON BARBERIS
0530003    03871EUR2 00020147329C2011225     LCCVIR DE MLE MANON BARBERIS
0530003    03871EUR2 00020147329C2011225     RCNVH53352WX11XBQ01
0430003219003871EUR2 000201473291801122500011225REGLT FACT 03SENS GOURMET        00000000 0000000025000{5995949731S
0530003    03871EUR2 0002014732918011225     NPYSENS GOURMET
0530003    03871EUR2 0002014732918011225     LCCREGLT FACT 03/07/2025
0530003    03871EUR2 0002014732918011225     RCNVIR SEPA 27/11/2025 11 05 03-00001
0530003    03871EUR2 0002014732918011225     IPY48081768300042
0430003219003871EUR2 000201473291801122500011225CREASAVEURS  MAISON BERJAC       00000000 0000000013200{6294774738S
0530003    03871EUR2 0002014732918011225     NPYMAISON BERJAC
0530003    03871EUR2 0002014732918011225     LCCCREASAVEURS
0530003    03871EUR2 0002014732918011225     RCN01-30/09/2025
0430003432003871EUR2 00020147329B10112250001122524391029LL243VW BANK FRANCE      01639630 0000000005369O5510163963
0530003    03871EUR2 00020147329B1011225     NBEVW BANK FRANCE
0530003    03871EUR2 00020147329B1011225     IBEFR51ZZZ487778
0530003    03871EUR2 00020147329B1011225     LCC24391029LL24391029LL R062888651
0530003    03871EUR2 00020147329B1011225     RCNEKI416E00628886512025530179523025
0730003    03871EUR2 00020147329  011225                                                  0000000441933H
0130003    00715EUR2 00020269517  28112501TE012782                 TE                     0000000076094F
0430003073000715EUR2 00020269517300112250001122530/11 R10485 CT3867115001        00104850 0000000002750BREMISE CB /
0530003    00715EUR2 0002026951730011225     LIBBT       276 40E COM     1 38E
0430003336000715EUR2 000202695171801122500021225FACTURE 2042-M OU MME A ROUSSOU  98706850 0000000003000{3519689822
0530003    00715EUR2 0002026951718011225     NPYM OU MME A ROUSSOULIERES
0530003    00715EUR2 0002026951718011225     LCCFACTURE 2042-11-25
0430003664000715EUR2 000202695172801122500011225DEBIT MENSUEL CARTE BLEUE VISA   00010000 0000000017018KX2200
0730003    00715EUR2 00020269517  011225                                                  0000000064826F
0130003    03110EUR2 00020084448  281125DOCTEUR CHRISTOPHE LEFEVRE SELAR                  0000000034463H
0430003500003110EUR2 00020084448C101122500301125000001 VIR INSTANTANE EMIS NET   56153270 0000000015000}583475615327
0530003    03110EUR2 00020084448C1011225     NBEAHMED BELAL                         01 12 SG 03110 CPT 00050075649
0530003    03110EUR2 00020084448C1011225     REF032025334185640160000000
0530003    03110EUR2 00020084448C1011225     RCN032025334185640160000001
0530003    03110EUR2 00020084448C1011225     LCCSALAIRE  MOI DE NOVEMBRE
0730003    03110EUR2 00020084448  011225                                                  0000000019463H
0130003    00745EUR2 00020015158  281125SOCIETE CIVILE DU VAL DE LOIRE                    0000000003329M
0430003432000745EUR2 00020015158B129112500271125REF-4410F12F7PLANITY             55553850 0000000000864}5705555385
0530003    00745EUR2 00020015158B1291125     NBEPLANITY
0530003    00745EUR2 00020015158B1291125     IBEFR31ZZZ89C0BE
0530003    00745EUR2 00020015158B1291125     LCCREF-4410F12F7F239FF7FA
0530003    00745EUR2 00020015158B1291125     RCND-004C6G0ENAW7
0430003188000745EUR2 000200151586229112500281125FRAIS LETTRE INFO CHQ SANS PROV  00000001 0000000000160}
0430003073000745EUR2 00020015158300112250001122530/11 R84113 CT3921276001        00841130 0000000001517HREMISE CB /
0530003    00745EUR2 0002001515830011225     LIBBT       153 00E COM     1 22E
0430003073000745EUR2 00020015158300112250001122530/11 R44194 CT3921276801        00441940 0000000001438DREMISE CB /
0530003    00745EUR2 0002001515830011225     LIBBT       145 00E COM     1 16E
0430003073000745EUR2 00020015158300112250001122529/11 R82062 CT3921276801        00820620 0000000001418FREMISE CB /
0530003    00745EUR2 0002001515830011225     LIBBT       143 00E COM     1 14E
0730003    00745EUR2 00020015158  011225                                                  0000000000021D
0130003    00718EUR2 00020553851  281125AP LESAGE                        COMPTE COURANT   0000000034142H
0430003188000718EUR2 000205538516229112500281125FRAIS SUR SATD                   00000001 0000000000375}
0530003    00718EUR2 0002055385162291125     LIBDE 375 00 EUROS
0530003    00718EUR2 0002055385162291125     LIBTRES.  VAL D'OISE AMENDES
0430003073000718EUR2 00020553851300112250001122530/11 R36752 CT3974078001        00367520 0000000023238FREMISE CB /
0530003    00718EUR2 0002055385130011225     LIBBT      2335 60E COM    11 74E
0430003073000718EUR2 00020553851300112250001122529/11 R65507 CT3974078001        00655070 0000000019850DREMISE CB /
0530003    00718EUR2 0002055385130011225     LIBBT      1995 60E COM    10 56E
0430003073000718EUR2 00020553851300112250001122501/12 R78914 CT3974078001        00789140 0000000009331GREMISE CB /
0530003    00718EUR2 0002055385130011225     LIBBT       938 74E COM     5 57E
0430003073000718EUR2 00020553851300112250001122501/12 R62372 CT3974078001        00623720 0000000005701AREMISE CB /
0530003    00718EUR2 0002055385130011225     LIBBT       572 86E COM     2 75E
0430003073000718EUR2 00020553851300112250001122529/11 R96910 CT3974078001        00969100 0000000000555EREMISE CB /
0530003    00718EUR2 0002055385130011225     LIBBT        55 80E COM     0 25E
0430003661000718EUR2 000205538512801122500011225CARTE X2970 28/11 AMAZON PAYMEN  00010000 0000000000119RTS
0530003    00718EUR2 0002055385128011225     LIBCOMMERCE ELECTRONIQUE
0430003661000718EUR2 000205538512801122500011225CARTE X2970 28/11 E.LECLERC      00020000 0000000000138K
0430003661000718EUR2 000205538512801122500011225CARTE X2970 28/11 E.LECLERC      00030000 0000000000180}
0430003661000718EUR2 000205538512801122500011225CARTE X2970 28/11 E.LECLERC      00040000 0000000000214P
0430003661000718EUR2 000205538512801122500011225CARTE X2970 28/11 E.LECLERC      00050000 0000000000300J
0430003661000718EUR2 000205538512801122500011225CARTE X2970 30/11 AMAZON PAYMEN  00060000 0000000000497PTS
0530003    00718EUR2 0002055385128011225     LIBCOMMERCE ELECTRONIQUE
0430003432000718EUR2 00020553851B101122500011225/INV/68460656TERREAZUR IDF RUNG  77084530 0000000004904}5707708453
0530003    00718EUR2 00020553851B1011225     NBETERREAZUR IDF RUNGIS
0530003    00718EUR2 00020553851B1011225     IBEFR74ZZZ316644
0530003    00718EUR2 00020553851B1011225     LCC/INV/6846065698 4.11.2025/INV/6846065698 8.11.2025
0530003    00718EUR2 00020553851B1011225     RCN0900099853
0430003432000718EUR2 00020553851B101122500011225RELAIS D OR IRELAIS D OR ILE DE  33625600 0000000009785R5803362560
0530003    00718EUR2 00020553851B1011225     NBERELAIS D OR ILE DE FRANCE
0530003    00718EUR2 00020553851B1011225     IBEFR29ZZZ805C64
0530003    00718EUR2 00020553851B1011225     LCCRELAIS D OR ILE DE FRANCE
0530003    00718EUR2 00020553851B1011225     RCN93
0730003    00718EUR2 00020553851  011225                                                  0000000076304F
0130003    00712EUR2 00020519382  281125EIRL ECO BAT                     COMPTE COURANT   0000000003870G
0730003    00712EUR2 00020519382  011225                                                  0000000003870G
0130003    02944EUR2 00020024274  281125IBH                              COMPTE COURANT   0000000775538F
0430003219002944EUR2 000200242741801122500011225LCL5006237G OCREDIT LYONNAIS SU  00000000 0000000196200{6291921406S
0530003    02944EUR2 0002002427418011225     NPYCREDIT LYONNAIS SUPPORT VIREMENT
0530003    02944EUR2 0002002427418011225     LCCLCL5006237G OBEID HIBA         MISE HORS DEAU MME OBEID HIBA
0530003    02944EUR2 0002002427418011225     RCNMISE HORS DE
0430003949002944EUR2 000200242742101122500011225000001 VIR EUROPEEN EMIS   NET   75441510 0000000001200}9533519587128
0530003    02944EUR2 0002002427421011225     NBEFRENCH WASH SASU
0530003    02944EUR2 0002002427421011225     REF 032025335195871280000000
0530003    02944EUR2 0002002427421011225     LCCFACTURE 373 DU 29/11/2025
0530003    02944EUR2 0002002427421011225     BDBAGRIFRPP887
0430003949002944EUR2 000200242742101122500011225000001 VIR EUROPEEN EMIS   NET   59624850 0000000052960}9533519280813
0530003    02944EUR2 0002002427421011225     NBEEI. DORMEGNIES GEOFFREY
0530003    02944EUR2 0002002427421011225     REF ACOMPTE DEVIS 2049 CHANTIER PONCHO
0530003    02944EUR2 0002002427421011225     LCCACOMPTE DEVIS 2049 CHANTIER PONCHON
0530003    02944EUR2 0002002427421011225     BDBCCBPFRPPMTG
0430003661002944EUR2 000200242742801122500011225CARTE X0387 29/11 PORTUCALE      00010000 0000000001312}
0430003432002944EUR2 00020024274B101122500011225ACP2427938109BMW FINANCE         55970550 0000000008077P5915597055
0530003    02944EUR2 00020024274B1011225     NBEBMW FINANCE
0530003    02944EUR2 00020024274B1011225     IBEFR46ZZZ428407
0530003    02944EUR2 00020024274B1011225     LCCACP2427938109/MAISONS MOTA
0530003    02944EUR2 00020024274B1011225     RCN2427938109
0430003432002944EUR2 00020024274B10112250001122525496658CR254VW BANK FRANCE      94382780 0000000009995O5509438278
0530003    02944EUR2 00020024274B1011225     NBEVW BANK FRANCE
0530003    02944EUR2 00020024274B1011225     IBEFR51ZZZ487778
0530003    02944EUR2 00020024274B1011225     LCC25496658CR25496658CR R062905844
0530003    02944EUR2 00020024274B1011225     RCNEKI416E00629058442025530181655125
0430003377002944EUR2 000200242740101122500281125CHEQUE 1308202                   13082020 0000000050120}
0730003    02944EUR2 00020024274  011225                                                  0000000848073C
0130003    02944EUR2 00020034650  281125MGFH                             COMPTE COURANT   0000000248455G
0430003949002944EUR2 000200346502101122500011225000001 VIR EUROPEEN EMIS   NET   99037640 0000000050000}9533519689501
0530003    02944EUR2 0002003465021011225     NBEM MME DE FREITAS DOMINIG
0530003    02944EUR2 0002003465021011225     REF 032025335196895010000000
0530003    02944EUR2 0002003465021011225     BDBAGRIFRPP887
0530003    02944EUR2 0002003465021011225     LEM                                   032025335196895010000000 001 VI
0430003949002944EUR2 000200346502101122500011225000001 VIR EUROPEEN EMIS   NET   99032230 0000000070000}9533519684332
0530003    02944EUR2 0002003465021011225     NBEMOTA DOMINGOS
0530003    02944EUR2 0002003465021011225     REF 032025335196843320000000
0530003    02944EUR2 0002003465021011225     BDBBBPIPTPL
0530003    02944EUR2 0002003465021011225     LEM                                   032025335196843320000000 001 VI
0430003949002944EUR2 000200346502101122500011225000001 VIR EUROPEEN EMIS   NET   99042740 0000000127955P9533519694793
0530003    02944EUR2 0002003465021011225     NBEDE LA GRANGE SCI
0530003    02944EUR2 0002003465021011225     REF 032025335196947930000000
0530003    02944EUR2 0002003465021011225     BDBAGRIFRPP887
0530003    02944EUR2 0002003465021011225     LEM                                   032025335196947930000000 001 VI
0730003    02944EUR2 00020034650  011225                                                  0000000000500{