0118079    44255EUR2 02863280452  301125SIVASOORIYALINGAM SIVALOGINI     COMPTE COURANT   0000000139719C0000
0718079    44255EUR2 02863280452  011225                                                  0000000139719C
0118079    44255EUR2 02378420485  301125SCP MBA                          COMPTE COURANT   0000000142644A0000
0718079    44255EUR2 02378420485  011225                                                  0000000142644A
0118079    44255EUR2 02378470404  301125BREIZH EXOTIK EPICERIE                            0000001039099F0000
0418079    44255EUR2E02378470404B1011225  011225PRLV SGC    LOCHES               00000000 0000000001158KREOM FACTURATION
0518079    44255EUR2 02378470404B1011225     NBESGC    LOCHES
0518079    44255EUR2 02378470404B1011225     LCCREOM FACTURATION DU 2025-04-01 AU 2025-09-30
0518079    44255EUR2 02378470404B1011225     RCN16037020022800R254-144
0418079    44255EUR2E02378470404B1011225  011225PRLV SGC    LOCHES               00000000 0000000001158KREOM FACTURATION
0518079    44255EUR2 02378470404B1011225     NBESGC    LOCHES
0518079    44255EUR2 02378470404B1011225     LCCREOM FACTURATION DU 2025-04-01 AU 2025-09-30
0518079    44255EUR2 02378470404B1011225     RCN16037020022800R254-145
0718079    44255EUR2 02378470404  011225                                                  0000001036783B
0118079    75337EUR2 02150880432  301125DE FI CO                                          0000001924507{0000
0418079    75337EUR2E0215088043228011225  011225CARTE 30/11 ESSO MALAKOFF MALAKO 00000000 0000000000285PMCC 5541 STATION
0518079    75337EUR2 0215088043228011225     LIBMCC 5541 STATIONS EUR     28 57
0518079    75337EUR2 0215088043228011225     LIB4971330005602162000
0418079    75337EUR2E0215088043262011225  301125F CONVENTION PRO PLUS BUSINESS   00000001 0000000000250}
0518079    75337EUR2 0215088043262011225     LIBT50005
0518079    75337EUR2 0215088043262011225     LIB      EUR512-         EUR 02OEUR T50009
0718079    75337EUR2 02150880432  011225                                                  0000001923971C
0118079    44255EUR2 02378110471  301125CR OPTIQUE                       COMPTE COURANT   0000003942830A0000
0418079    44255EUR2E0237811047105011225  011225VIR PROMAN 066                   00000001 0000000019798{
0518079    44255EUR2 0237811047105011225     NPYPROMAN 066
0518079    44255EUR2 0237811047105011225     LCC066
0518079    44255EUR2 0237811047105011225     RCN17870-0 SCI BEAU
0718079    44255EUR2 02378110471  011225                                                  0000003962628A