0130004    00777EUR2 00000192376  281125SCI FABRICE                      COMPTE COURANT   0000000039815G
0730004    00777EUR2 00000192376  011225                                                  0000000039815G
0130004    00969EUR2 00010119059  281125STOORM                           CCE STOORM       0000000841430E
0430004009900969EUR2 0001011905930281125  0112252811 N.22850 DE 75PARIS 05       122850   0000000000021I   N.COM.4118705
0530004    00969EUR2 0001011905930281125     LIB2811 N.22850 DE 75PARIS 05 N.COM.4118705012
0430004009900969EUR2 0001011905930281125  0112252911 N.07133 DE 75PARIS 05       107133   0000000000154{   N.COM.4118705
0530004    00969EUR2 0001011905930281125     LIB2911 N.07133 DE 75PARIS 05 N.COM.4118705012
0430004009900969EUR2 0001011905930281125  0112252911 N.17974 DE 75PARIS 5        217974   0000000000237D   N.COM.4512923
0530004    00969EUR2 0001011905930281125     LIB2911 N.17974 DE 75PARIS 5 N.COM.4512923011
0430004009900969EUR2 0001011905930281125  0112252811 N.36467 DE 75PARIS 5        236467   0000000000907A   N.COM.4512923
0530004    00969EUR2 0001011905930281125     LIB2811 N.36467 DE 75PARIS 5 N.COM.4512923011
0430004009900969EUR2 0001011905930281125  0112252911 N.80262 DE 75PARIS 05       280262   0000000003249G   N.COM.4118705
0530004    00969EUR2 0001011905930281125     LIB2911 N.80262 DE 75PARIS 05 N.COM.4118705012
0430004009900969EUR2 0001011905930281125  0112253011 N.51641 DE 75PARIS 05       251641   0000000008038A   N.COM.4118705
0530004    00969EUR2 0001011905930281125     LIB3011 N.51641 DE 75PARIS 05 N.COM.4118705012
0430004009900969EUR2 0001011905930281125  0112252911 N.14856 DE 75PARIS 5        114856   0000000008339B   N.COM.4669517
0530004    00969EUR2 0001011905930281125     LIB2911 N.14856 DE 75PARIS 5 N.COM.4669517011
0430004009900969EUR2 0001011905930281125  0112252811 N.33352 DE 75PARIS 5        133352   0000000019220I   N.COM.4669517
0530004    00969EUR2 0001011905930281125     LIB2811 N.33352 DE 75PARIS 5 N.COM.4669517011
0430004081300969EUR2 00010119059B1011225  011225PRLV SEPA/NATIOCREDIMURS                0 0000000001579OFR73ZZZ210447
0530004    00969EUR2 00010119059B1011225     NBENATIOCREDIMURS
0530004    00969EUR2 00010119059B1011225     IBEFR73ZZZ210447
0530004    00969EUR2 00010119059B1011225     NPOAMP
0530004    00969EUR2 00010119059B1011225     IPO11956374
0530004    00969EUR2 00010119059B1011225     NBUNATIOCREDIMURS
0530004    00969EUR2 00010119059B1011225     IBU00000018
0530004    00969EUR2 00010119059B1011225     LCCNATIOCREDIMURS /A1R35707/.1A1R35707001011225EPG67Y69721 /SIEN180013691
0530004    00969EUR2 00010119059B1011225     LC27 /FLGPX316121
0530004    00969EUR2 00010119059B1011225     RCN.1A1R35707001011225EPG67Y69721
0530004    00969EUR2 00010119059B1011225     RUMSIEN1800136917                     RCUR
0430004081300969EUR2 00010119059B1011225  011225PRLV SEPA/NATIOCREDIMURS                0 0000000003457OFR73ZZZ210447
0530004    00969EUR2 00010119059B1011225     NBENATIOCREDIMURS
0530004    00969EUR2 00010119059B1011225     IBEFR73ZZZ210447
0530004    00969EUR2 00010119059B1011225     NPOAMP
0530004    00969EUR2 00010119059B1011225     IPO11956374
0530004    00969EUR2 00010119059B1011225     NBUNATIOCREDIMURS
0530004    00969EUR2 00010119059B1011225     IBU00000018
0530004    00969EUR2 00010119059B1011225     LCCNATIOCREDIMURS /A1R35706/.1A1R35706001011225EPG67Y48625 /SIEN180013762
0530004    00969EUR2 00010119059B1011225     LC24 /FLGPX265941
0530004    00969EUR2 00010119059B1011225     RCN.1A1R35706001011225EPG67Y48625
0530004    00969EUR2 00010119059B1011225     RUMSIEN1800137624                     RCUR
0430004081300969EUR2 00010119059B1011225  011225PRLV SEPA/NATIOCREDIMURS                0 0000000003611LFR73ZZZ210447
0530004    00969EUR2 00010119059B1011225     NBENATIOCREDIMURS
0530004    00969EUR2 00010119059B1011225     IBEFR73ZZZ210447
0530004    00969EUR2 00010119059B1011225     NPOAMP
0530004    00969EUR2 00010119059B1011225     IPO11956374
0530004    00969EUR2 00010119059B1011225     NBUNATIOCREDIMURS
0530004    00969EUR2 00010119059B1011225     IBU00000018
0530004    00969EUR2 00010119059B1011225     LCCNATIOCREDIMURS /A1R74809/.1A1R74809001011225EPG67Y73910 /SIEN180014081
0530004    00969EUR2 00010119059B1011225     LC29 /FLGPX326429
0530004    00969EUR2 00010119059B1011225     RCN.1A1R74809001011225EPG67Y73910
0530004    00969EUR2 00010119059B1011225     RUMSIEN1800140819                     RCUR
0730004    00969EUR2 00010119059  011225                                                  0000000872950C
0130004    00079EUR2 00010428299  281125AGENCE LOCALE D               ALEC SUD PARISIENNE 0000000500975F
0430004001200079EUR2 0001042829962281125  011225SUR REMISE C.B. DU 2911 N.63338  00000001 0000000000001L N.COM.428761101
0530004    00079EUR2 0001042829962281125     LIB1
0430004001200079EUR2 0001042829962281125  011225SUR REMISE C.B. DU 3011 N.40192  00000001 0000000000003P N.COM.428761101
0530004    00079EUR2 0001042829962281125     LIB1
0430004001200079EUR2 0001042829962281125  011225SUR REMISE C.B. DU 2911 N.54859  00000001 0000000000054J N.COM.428761101
0530004    00079EUR2 0001042829962281125     LIB1
0430004001200079EUR2 0001042829962281125  011225SUR REMISE C.B. DU 3011 N.29756  00000001 0000000000063L N.COM.428761101
0530004    00079EUR2 0001042829962281125     LIB1
0430004009900079EUR2 0001042829930281125  0112252911 N.63338 DE 77FONTAINEBLEAU  163338   0000000000376{   N.COM.4287611
0530004    00079EUR2 0001042829930281125     LIB N.COM.4287611011
0430004009900079EUR2 0001042829930281125  0112253011 N.40192 DE 77FONTAINEBLEAU  240192   0000000000708B   N.COM.4287611
0530004    00079EUR2 0001042829930281125     LIB N.COM.4287611011
0430004009900079EUR2 0001042829930281125  0112252911 N.54859 DE 77FONTAINEBLEAU  254859   0000000010733C   N.COM.4287611
0530004    00079EUR2 0001042829930281125     LIB N.COM.4287611011
0430004009900079EUR2 0001042829930281125  0112253011 N.29756 DE 77FONTAINEBLEAU  129756   0000000014354I   N.COM.4287611
0530004    00079EUR2 0001042829930281125     LIB N.COM.4287611011
0430004001200079EUR2 0001042829962011225  011225SUR REMISE C.B. DU 0112 N.86244  00000001 0000000000003K N.COM.428761101
0530004    00079EUR2 0001042829962011225     LIB1
0430004001200079EUR2 0001042829962011225  011225SUR REMISE C.B. DU 0112 N.77966  00000001 0000000000089J N.COM.428761101
0530004    00079EUR2 0001042829962011225     LIB1
0430004009900079EUR2 0001042829930011225  0112250112 N.86244 DE 77FONTAINEBLEAU  286244   0000000000639B   N.COM.4287611
0530004    00079EUR2 0001042829930011225     LIB N.COM.4287611011
0430004081300079EUR2 00010428299B1011225  011225PRLV SEPA/MOULINS DE CHERISY            0 0000000009177LFR19ZZZ431415
0530004    00079EUR2 00010428299B1011225     NBEMOULINS DE CHERISY
0530004    00079EUR2 00010428299B1011225     IBEFR19ZZZ431415
0530004    00079EUR2 00010428299B1011225     LCC00027614 00027615
0530004    00079EUR2 00010428299B1011225     RCN0000114532
0530004    00079EUR2 00010428299B1011225     RUM002-000997-003                     RCUR
0430004009900079EUR2 0001042829930011225  0112250112 N.77966 DE 77FONTAINEBLEAU  177966   0000000015227A   N.COM.4287611
0530004    00079EUR2 0001042829930011225     LIB N.COM.4287611011
0730004    00079EUR2 00010428299  011225                                                  0000000533622C
0130004    00777EUR2 00010017648  281125NEXTTICK                         COMPTE COURANT   0000000127772G
0730004    00777EUR2 00010017648  011225                                                  0000000127772G