0130004    00585EUR2 00010310949  021225DOCTEUR ANTOINE HUART            COMPTE COURANT   0000000545610F
0430004001200585EUR2 0001031094962031225  031225SUR REMISE C.B. DU 0312 N.56985  00000001 0000000000023L N.COM.417116601
0530004    00585EUR2 0001031094962031225     LIB5
0430004001200585EUR2 0001031094962031225  031225SUR REMISE C.B. DU 0312 N.29789  00000001 0000000000035R N.COM.417116501
0530004    00585EUR2 0001031094962031225     LIB1
0430004081300585EUR2 00010310949B1031225  031225PRLV SEPA/ROYAL CANIN FRANCE            0 0000000000473QFR22ZZZ494411
0530004    00585EUR2 00010310949B1031225     NBEROYAL CANIN FRANCE
0530004    00585EUR2 00010310949B1031225     IBEFR22ZZZ494411
0530004    00585EUR2 00010310949B1031225     LCCELS-2384331
0530004    00585EUR2 00010310949B1031225     RCNELS-2384331
0530004    00585EUR2 00010310949B1031225     RUM20251128FR000000000000RV1092167    RCUR
0430004081300585EUR2 00010310949B1031225  031225PRLV SEPA/ROYAL CANIN FRANCE            0 0000000000473QFR22ZZZ494411
0530004    00585EUR2 00010310949B1031225     NBEROYAL CANIN FRANCE
0530004    00585EUR2 00010310949B1031225     IBEFR22ZZZ494411
0530004    00585EUR2 00010310949B1031225     LCCELS-2384373
0530004    00585EUR2 00010310949B1031225     RCNELS-2384373
0530004    00585EUR2 00010310949B1031225     RUM20251128FR000000000000RV1092167    RCUR
0430004081300585EUR2 00010310949B1031225  031225PRLV SEPA/ROYAL CANIN FRANCE            0 0000000000732OFR22ZZZ494411
0530004    00585EUR2 00010310949B1031225     NBEROYAL CANIN FRANCE
0530004    00585EUR2 00010310949B1031225     IBEFR22ZZZ494411
0530004    00585EUR2 00010310949B1031225     LCCELS-2384330
0530004    00585EUR2 00010310949B1031225     RCNELS-2384330
0530004    00585EUR2 00010310949B1031225     RUM20251128FR000000000000RV1092167    RCUR
0430004081300585EUR2 00010310949B1031225  031225PRLV SEPA/ROYAL CANIN FRANCE            0 0000000000732OFR22ZZZ494411
0530004    00585EUR2 00010310949B1031225     NBEROYAL CANIN FRANCE
0530004    00585EUR2 00010310949B1031225     IBEFR22ZZZ494411
0530004    00585EUR2 00010310949B1031225     LCCELS-2384372
0530004    00585EUR2 00010310949B1031225     RCNELS-2384372
0530004    00585EUR2 00010310949B1031225     RUM20251128FR000000000000RV1092167    RCUR
0430004081300585EUR2 00010310949B1031225  031225PRLV SEPA/ROYAL CANIN FRANCE            0 0000000000992RFR22ZZZ494411
0530004    00585EUR2 00010310949B1031225     NBEROYAL CANIN FRANCE
0530004    00585EUR2 00010310949B1031225     IBEFR22ZZZ494411
0530004    00585EUR2 00010310949B1031225     LCCELS-2384329
0530004    00585EUR2 00010310949B1031225     RCNELS-2384329
0530004    00585EUR2 00010310949B1031225     RUM20251128FR000000000000RV1092167    RCUR
0430004081300585EUR2 00010310949B1031225  031225PRLV SEPA/ROYAL CANIN FRANCE            0 0000000000992RFR22ZZZ494411
0530004    00585EUR2 00010310949B1031225     NBEROYAL CANIN FRANCE
0530004    00585EUR2 00010310949B1031225     IBEFR22ZZZ494411
0530004    00585EUR2 00010310949B1031225     LCCELS-2384371
0530004    00585EUR2 00010310949B1031225     RCNELS-2384371
0530004    00585EUR2 00010310949B1031225     RUM20251128FR000000000000RV1092167    RCUR
0430004009900585EUR2 0001031094930031225  0312250312 N.56985 DE 92ISSY-LES-MOUL  156985   0000000007852F   N.COM.4171166
0530004    00585EUR2 0001031094930031225     LIB N.COM.4171166015
0430004009900585EUR2 0001031094930031225  0312250312 N.29789 DE 92ISSY-LES-MOUL  229789   0000000012356D   N.COM.4171165
0530004    00585EUR2 0001031094930031225     LIB N.COM.4171165011
0730004    00585EUR2 00010310949  031225                                                  0000000561361H
0130004    00838EUR2 00000676036  021225ABC TELECOM                      COMPTE COURANT   0000000014732G
0430004056800838EUR2 0000067603618031225  031225/DE FIF PL /MOTIF 24SAN77194.01  0000000  0000000006000{
0530004    00838EUR2 0000067603618031225     LCC24SAN77194.01-INFIRMIERE EN PRATIQUES AVANCES MASTEUR 2
0530004    00838EUR2 0000067603618031225     REF24SAN77194.01-INFIRMIERE EN PRATIQU
0730004    00838EUR2 00000676036  031225                                                  0000000020732G
0130004    01457EUR2 00010158674  021225PHARMACIE DE L ALISIER           COMPTE COURANT   0000000021643I
0730004    01457EUR2 00010158674  031225                                                  0000000021643I
0130003    02828EUR2 00020160382  021225EIRL M ZHANG MARC                COMPTE COURANT   0000002349605E
0730003    02828EUR2 00020160382  031225                                                  0000002349605E
0130004    00348EUR2 00010181358  021225MADEMOISELLE LAURENCE CLAUDINE   COMPTE COURANT   0000000158793H
0430004008300348EUR2 0001018135828031225  031225DU 021225 LE SAINT CLAUDE ASNIE  00000000 0000000000228}RES SUR CARTE 49
0530004    00348EUR2 0001018135828031225     LIB74XXXXXXXX5502
0430004056800348EUR2 0001018135818031225  031225M ERIC BAVAY                     0000000  0000000007620CVK53362D6PSJYP01
0530004    00348EUR2 0001018135818031225     NPYM ERIC BAVAY
0530004    00348EUR2 0001018135818031225     LCCVIREMENT DE MR BAVAY POUR LA FENETRE A CONDECOURT
0530004    00348EUR2 0001018135818031225     RCNVK53362D6PSJYP01
0530004    00348EUR2 0001018135818031225     PDOFR FRANCE
0430004056800348EUR2 0001018135818031225  031225M KANDOUSSI ZOUHIR               0000000  0000000015000{VIREMENT DE M KA
0530004    00348EUR2 0001018135818031225     NPYM KANDOUSSI ZOUHIR
0530004    00348EUR2 0001018135818031225     LCCVIREMENT DE M KANDOUSSI ZOUHIR
0530004    00348EUR2 0001018135818031225     RCNVIREMENT DE M KANDOUSSI ZOUHIR
0530004    00348EUR2 0001018135818031225     PDOFR FRANCE
0430004056800348EUR2 0001018135818031225  031225FONCIA SEINE OUEST GERANCE       0000000  0000000028325{E2E-692E105C1CB2
0530004    00348EUR2 0001018135818031225     NPYFONCIA SEINE OUEST GERANCE
0530004    00348EUR2 0001018135818031225     LCCMABIN FA00006449
0530004    00348EUR2 0001018135818031225     RCNE2E-692E105C1CB2ABE651667E11
0530004    00348EUR2 0001018135818031225     PDOFR FRANCE
0730004    00348EUR2 00010181358  031225                                                  0000000209511A
0130002    00629EUR2 0000007Y941  021225EURL PRARELO                     COMPTE COURANT   0000000594869E
0730002    00629EUR2 0000007Y941  031225                                                  0000000594869E
0130004    00908EUR2 00010151875  021225L'EPICURIEN                      COMPTE COURANT   0000000060599I
0430004009900908EUR2 0001015187530021225  0312250212 N.76558 DE 93ROSNY SOUS BO  276558   0000000000490{   N.COM.4257323
0530004    00908EUR2 0001015187530021225     LIB N.COM.4257323014
0430004009900908EUR2 0001015187530021225  0312250212 N.03089 DE 93ROSNY SOUS BO  103089   0000000001340{   N.COM.4257323
0530004    00908EUR2 0001015187530021225     LIB N.COM.4257323014
0430004009900908EUR2 0001015187530021225  0312250212 N.72097 DE 93ROSNY SOUS BO  172097   0000000003580{   N.COM.4257324
0530004    00908EUR2 0001015187530021225     LIB N.COM.4257324011
0430004056800908EUR2 0001015187518031225  031225CPAM 93                          0000000  0000000000320{0000009311124783
0530004    00908EUR2 0001015187518031225     NPYCPAM 93
0530004    00908EUR2 0001015187518031225     IPY0                                  BICORBEI
0530004    00908EUR2 0001015187518031225     LCC0000009311124783100931251202
0530004    00908EUR2 0001015187518031225     RCN0000009311124783100931251202       PENS
0530004    00908EUR2 0001015187518031225     PDOFR FRANCE
0430004008300908EUR2 0001015187528031225  031225DU 021225 AUCHAN DAC MONTFERMEI  00000000 0000000000414JL CARTE 4974XXXX
0530004    00908EUR2 0001015187528031225     LIBXXXX0444
0430004009900908EUR2 0001015187530031225  0312250312 N.37262 DE 93ROSNY SOUS BO  237262   0000000001250{   N.COM.4257324
0530004    00908EUR2 0001015187530031225     LIB N.COM.4257324011
0430004081300908EUR2 00010151875B1031225  031225PRLV SEPA/KINTO FRANCE-KINTO FR         0 0000000004217JFR38ZZZ8618BA
0530004    00908EUR2 00010151875B1031225     NBEKINTO FRANCE-KINTO FRANCE SAS
0530004    00908EUR2 00010151875B1031225     IBEFR38ZZZ8618BA
0530004    00908EUR2 00010151875B1031225     LCCSAB26/00154391
0530004    00908EUR2 00010151875B1031225     RCNSDD-14400626-16603596
0530004    00908EUR2 00010151875B1031225     RUMTFM6209321002                      RCUR
0430004051600908EUR2 00010151875C1031225  031225VIREMENT DE M. SAFAR BENJAMIN    00000000 0000000025000}NOTPROVIDED
0530004    00908EUR2 00010151875C1031225     LCCVIREMENT DE M. SAFAR BENJAMIN
0530004    00908EUR2 00010151875C1031225     NBEBENJAMIN SAFAR
0530004    00908EUR2 00010151875C1031225     REF09203A4E8630421E9CE00FE10518FDDF
0530004    00908EUR2 00010151875C1031225     RCNNOTPROVIDED
0430004015100908EUR2 0001015187502031225  041225BORDEREAU 05892103 /NOPT/NB CHQ  5892103  0000000002040{ TRAITE /00008
0530004    00908EUR2 0001015187502031225     LIBBORDEREAU 05892103
0530004    00908EUR2 0001015187502031225     NOP00008
0730004    00908EUR2 00010151875  031225                                                  0000000039988G
0130004    03130EUR2 00011644957  021225MR DAVEAU XAVIER              MR DAVEAU XAVIER    0000000973247B
0430004052903130EUR2 0001164495721031225  031225REMISE 0000016VIRTS REF 5053311  50533110 0000000392206MREGLT 04122025
0530004    03130EUR2 0001164495721031225     REFCFPARIS-112025053311
0730004    03130EUR2 00011644957  031225                                                  0000000581040H