0110207    00233EUR2 23219872262  031225THEMA PLUS SARL               THEMA PLUS SARL     0000000926579A
0410207050700233EUR2E2321987226241041225  041225RAPATR ETR COMM                  AC48UZ5000000000008450{FOR. NW BT PO 08
0510207    00233EUR2 2321987226241041225     LIBFOR. NW BT PO 088
0510207    00233EUR2 2321987226241041225     LIBPAVILION DEVELOPMENT (HK) LIMITE
0510207    00233EUR2 2321987226241041225     LIBVIR DE        845 00EUR
0410207021400233EUR2E2321987226211041225  041225FACTURE CB                       FK5F9K2100000000010310}LS             F
0510207    00233EUR2 2321987226211041225     LIBLS SOLERA      FR PARIS
0510207    00233EUR2 2321987226211041225     LIB1031 00EUR 1 EURO   1 000000
0510207    00233EUR2 2321987226211041225     LIB031225 CB****9002
0410207020600233EUR2E2321987226211041225  041225REMISE CB                        0808606000000000044900FBRUT    4 562 00
0510207    00233EUR2 2321987226211041225     LIBBRUT    4 562 00E - COM   71 94E
0510207    00233EUR2 2321987226211041225     LIB                - NB0003/104606
0510207    00233EUR2 2321987226211041225     LIBREMISE CB 5111478010
0410207020600233EUR2E2321987226211041225  041225REMISE CB                        0313745000000000000994HBRUT      100 00
0510207    00233EUR2 2321987226211041225     LIBBRUT      100 00E - COM    0 52E
0510207    00233EUR2 2321987226211041225     LIB                - NB0001/105745
0510207    00233EUR2 2321987226211041225     LIBREMISE CB 5111479014
0410207020600233EUR2E2321987226211041225  041225REMISE CB                        0172194000000000009910{BRUT    1 000 00
0510207    00233EUR2 2321987226211041225     LIBBRUT    1 000 00E - COM    9 00E
0510207    00233EUR2 2321987226211041225     LIB                - NB0001/100194
0510207    00233EUR2 2321987226211041225     LIBREMISE CB 5111480011
0710207    00233EUR2 23219872262  041225                                                  0000000980524E
0118707    00035EUR2 09521723538  031225SCI DC                           COMPTE COURANT   0000001307957I
0418707050500035EUR2E0952172353805041225  041225VIREMENT SEPA                    FI2X0X5100000000036000{FAC4963
0518707    00035EUR2 0952172353805041225     LIBFAC4963
0518707    00035EUR2 0952172353805041225     LIBVIREMENT KANDINSKY
0518707    00035EUR2 0952172353805041225     MMOEUR2000000003600000000000000000
0518707    00035EUR2 0952172353805041225     NPYKANDINSKY
0518707    00035EUR2 0952172353805041225     NBEOZ CONSULTING
0518707    00035EUR2 0952172353805041225     LCCFAC4963
0518707    00035EUR2 0952172353805041225     RCNKANDINSKY
0418707050500035EUR2E0952172353805041225  041225VIREMENT SEPA                    FI2XG3J100000000004320{L        L
0518707    00035EUR2 0952172353805041225     LIBLOCATION LANTEAS SEPTEMBRE 2024
0518707    00035EUR2 0952172353805041225     LIBVIREMENT LANTEAS
0518707    00035EUR2 0952172353805041225     MMOEUR2000000000432000000000000000
0518707    00035EUR2 0952172353805041225     NPYLANTEAS
0518707    00035EUR2 0952172353805041225     NBESAS OZ CONSULTING
0518707    00035EUR2 0952172353805041225     LCCLOCATION LANTEAS SEPTEMBRE 2024
0518707    00035EUR2 0952172353805041225     RCNFACTURE OZ FAC4663
0418707053700035EUR2E0952172353808041225  041225PRLV SEPA                        0GFSUVW100000000000755M
0518707    00035EUR2 0952172353808041225     LIBPAYMENT FOR ORDER 240141999
0518707    00035EUR2 0952172353808041225     LIBZF16766-OVH-FR-1
0518707    00035EUR2 0952172353808041225     LIBPRLV SEPA OVH SAS
0418707050500035EUR2E0952172353805041225  041225VIREMENT SEPA                    FJQG0PX100000000180079HFAC4949
0518707    00035EUR2 0952172353805041225     LIBFAC4949
0518707    00035EUR2 0952172353805041225     LIBVIREMENT COMPAGNIE DES S
0518707    00035EUR2 0952172353805041225     MMOEUR2000000018007980000000000000
0518707    00035EUR2 0952172353805041225     NPYCOMPAGNIE DES SIGNAUX
0518707    00035EUR2 0952172353805041225     NBEOZ CONSULTING
0518707    00035EUR2 0952172353805041225     LCCFAC4949
0518707    00035EUR2 0952172353805041225     RCNNOTPROVIDED
0418707050900035EUR2E0952172353806041225  041225VIR SEPA TELETR                  0GKYK3V100000000006000}LOPES ROBERTO -
0518707    00035EUR2 0952172353806041225     LIBLOPES ROBERTO - LOPES-FA2025-12-
0518707    00035EUR2 0952172353806041225     LIBABSI253380000734897
0518707    00035EUR2 0952172353806041225     LIBVIR REMISE
0718707    00035EUR2 09521723538  041225                                                  0000001521602C
0110207    00159EUR2 22219159748  031225L'EPICURIEN                      COMPTE COURANT   0000000816832H
0410207021400159EUR2E2221915974811041225  041225FACTURE CB                       FK5EXUH100000000000008}STAT.PBYPHON.VAF
0510207    00159EUR2 2221915974811041225     LIBSTAT.PBYPHON.VAFR 78LE VESINET
0510207    00159EUR2 2221915974811041225     LIB0 80EUR 1 EURO   1 000000
0510207    00159EUR2 2221915974811041225     LIB031225 CB****1795
0410207021400159EUR2E2221915974811041225  041225FACTURE CB                       FK5EXUI100000000000342}DEFNE          F
0510207    00159EUR2 2221915974811041225     LIBDEFNE          FR LE VESINET
0510207    00159EUR2 2221915974811041225     LIB34 20EUR 1 EURO   1 000000
0510207    00159EUR2 2221915974811041225     LIB031225 CB****1795
0710207    00159EUR2 22219159748  041225                                                  0000000816482H
0110107    00211EUR2 00014025586  031225** PAS DE MOUVEMENT CE JOUR **                    0000000051705C
0710107    00211EUR2 00014025586  041225                                                  0000000051705C
0110207    00220EUR2 23213326585  031225EMON RESTAURANT DU LAC B         COMPTE COURANT   0000000029033B
0410207050500220EUR2E2321332658505041225  041225EUROVIREMENT                     FI2WIFP000000000000478IERF-TRD-2108129-
0510207    00220EUR2 2321332658505041225     LIBERF-TRD-2108129-02122025-1
0510207    00220EUR2 2321332658505041225     LIBEVI EDENRED FRANCE
0510207    00220EUR2 2321332658505041225     MMOEUR2000000000047890000000000000
0510207    00220EUR2 2321332658505041225     NPYEDENRED FRANCE
0510207    00220EUR2 2321332658505041225     NBESARL MAISON VASSEUR
0510207    00220EUR2 2321332658505041225     LCCERF-TRD-2108129-02122025-1
0510207    00220EUR2 2321332658505041225     RCNVSCT-TX-41220
0410207050500220EUR2E2321332658505041225  041225EUROVIREMENT                     FI2Y7I0000000000000030I
0510207    00220EUR2 2321332658505041225     LIBEVI PLUXEE FRANCE
0510207    00220EUR2 2321332658505041225     MMOEUR2000000000003090000000000000
0510207    00220EUR2 2321332658505041225     NPYPLUXEE FRANCE
0510207    00220EUR2 2321332658505041225     NBEMAISON VASSEUR
0510207    00220EUR2 2321332658505041225     RCNSOD-TRD-2108129-30112025
0410207050500220EUR2E2321332658505041225  041225EUROVIREMENT                     FJQFXRH000000000000276HCDJ-TRD-2108129-
0510207    00220EUR2 2321332658505041225     LIBCDJ-TRD-2108129-20251203-08
0510207    00220EUR2 2321332658505041225     LIBEVI UP COOP
0510207    00220EUR2 2321332658505041225     MMOEUR2000000000027680000000000000
0510207    00220EUR2 2321332658505041225     NPYUP COOP
0510207    00220EUR2 2321332658505041225     NBESARL MAISON VASSEUR
0510207    00220EUR2 2321332658505041225     LCCCDJ-TRD-2108129-20251203-08
0510207    00220EUR2 2321332658505041225     RCN001DCLTA54KHL
0410207053700220EUR2E2321332658508041225  041225EUROPRELEVEMENT                  09ZR5QM100000000001187KRUM TIP707102010
0510207    00220EUR2 2321332658508041225     LIBRUM TIP7071020100130016182025105
0510207    00220EUR2 2321332658508041225     LIBTIP70710201001300161820251059327
0510207    00220EUR2 2321332658508041225     LIBPRLV SEPA SFDE-SOCIETE F
0410207053700220EUR2E2321332658508041225  041225EUROPRELEVEMENT                  09ZDN9E100000000023016N300003311047-780
0510207    00220EUR2 2321332658508041225     LIB300003311047-780000386676
0510207    00220EUR2 2321332658508041225     LIB00RUB0300978
0510207    00220EUR2 2321332658508041225     LIBPRLV SEPA ENGIE
0410207020600220EUR2E2321332658511041225  041225REMISE CB                        0498293000000000000091FBRUT        9 20
0510207    00220EUR2 2321332658511041225     LIBBRUT        9 20E - COM    0 04E
0510207    00220EUR2 2321332658511041225     LIB                - NB0002/170293
0510207    00220EUR2 2321332658511041225     LIBREMISE CB 5031496013
0410207020600220EUR2E2321332658511041225  041225REMISE CB                        0499320000000000002836HBRUT      285 06
0510207    00220EUR2 2321332658511041225     LIBBRUT      285 06E - COM    1 38E
0510207    00220EUR2 2321332658511041225     LIB                - NB0057/170320
0510207    00220EUR2 2321332658511041225     LIBREMISE CB 5031496013
0410207021400220EUR2E2321332658511041225  041225FACTURE CB                       FK5EUVA100000000000250NSERDIS         F
0510207    00220EUR2 2321332658511041225     LIBSERDIS         FR LA CHAPELLE
0510207    00220EUR2 2321332658511041225     LIB25 05EUR 1 EURO   1 000000
0510207    00220EUR2 2321332658511041225     LIB031225 CB****5968
0710207    00220EUR2 23213326585  041225                                                  0000000008294{
0110207    00159EUR2 21211275755  031225PAGE STEPHIE DOMINIQUE           COMPTE COURANT   0000015261700{
0410207052300159EUR2E2121127575506041225  041225EVI OCCAS CYBER                  3672210100000000007886RF         MS8453
0510207    00159EUR2 2121127575506041225     LIBFACTURE N MS845316 DU 30/09/25
0510207    00159EUR2 2121127575506041225     LIBFACTURE N MS845316 DU 30/09/25
0510207    00159EUR2 2121127575506041225     LIBEVI SALTI
0410207052300159EUR2E2121127575506041225  041225EVI OCCAS CYBER                  3672321100000000001093RF         464
0510207    00159EUR2 2121127575506041225     LIBFACTURE N 464 DU 12 NOV 2025
0510207    00159EUR2 2121127575506041225     LIBFACTURE N 464 DU 12 NOV 2025
0510207    00159EUR2 2121127575506041225     LIBEVI WOODIANCE EURL
0410207050500159EUR2E2121127575505041225  041225EUROVIREMENT                     FI2Y3NL000000003181766ETRANSFER  DECATH
0510207    00159EUR2 2121127575505041225     LIBTRANSFER  DECATHLON FRANCE SASU
0510207    00159EUR2 2121127575505041225     LIBEVI DECATHLON FRANCE
0510207    00159EUR2 2121127575505041225     MMOEUR2000000318176650000000000000
0510207    00159EUR2 2121127575505041225     NPYDECATHLON FRANCE
0510207    00159EUR2 2121127575505041225     NBEENERPUR ETANCHEITE
0510207    00159EUR2 2121127575505041225     LCCTRANSFER  DECATHLON FRANCE SASU
0510207    00159EUR2 2121127575505041225     RCNI0000038025434
0410207053700159EUR2E2121127575508041225  041225EUROPRELEVEMENT                  09ZRIAK100000000003149}
0510207    00159EUR2 2121127575508041225     LIBPAYMENT FOR ORDER 239294583
0510207    00159EUR2 2121127575508041225     LIBSL4985-OVH-FR-1
0510207    00159EUR2 2121127575508041225     LIBPRLV SEPA OVH SAS
0410207053700159EUR2E2121127575508041225  041225EUROPRELEVEMENT                  0A00H6S100000000021322JSWILE-CMD-TR-KBB
0510207    00159EUR2 2121127575508041225     LIBSWILE-CMD-TR-KBB1XG
0510207    00159EUR2 2121127575508041225     LIBSWILE-CAYPC-20250203165116
0510207    00159EUR2 2121127575508041225     LIBPRLV SEPA SWILE
0410207053700159EUR2E2121127575508041225  041225EUROPRELEVEMENT                  09ZPMIC100000000000279R407-3233864-1322
0510207    00159EUR2 2121127575508041225     LIB407-3233864-1322765 AMAZON.FR 5G
0510207    00159EUR2 2121127575508041225     LIBIDH(9RNZ D5T0F5I WAAJCIHR6T(8W
0510207    00159EUR2 2121127575508041225     LIBPRLV SEPA AMAZON EU SARL
0410207053700159EUR2E2121127575508041225  041225EUROPRELEVEMENT                  09ZPMIA100000000000279R407-3233864-1322
0510207    00159EUR2 2121127575508041225     LIB407-3233864-1322765 AMAZON.FR 6C
0510207    00159EUR2 2121127575508041225     LIBIDH(9RNZ D5T0F5I WAAJCIHR6T(8W
0510207    00159EUR2 2121127575508041225     LIBPRLV SEPA AMAZON EU SARL
0410207021400159EUR2E2121127575511041225  041225FACTURE CB                       FK5F40S100000000000024}INDIGO 780013  F
0510207    00159EUR2 2121127575511041225     LIBINDIGO 780013  FR SAINT0780013
0510207    00159EUR2 2121127575511041225     LIB2 40EUR 1 EURO   1 000000
0510207    00159EUR2 2121127575511041225     LIB021225 CB****9514
0410207021400159EUR2E2121127575511041225  041225FACTURE CB                       FK5F40T100000000000730}TRAINLINE      F
0510207    00159EUR2 2121127575511041225     LIBTRAINLINE      FR WWW.THETRAIN
0510207    00159EUR2 2121127575511041225     LIB73 00EUR 1 EURO   1 000000
0510207    00159EUR2 2121127575511041225     LIB031225 CB****9514
0410207021400159EUR2E2121127575511041225  041225FACTURE CB                       FK5EYGF100000000000019RG      O       I
0510207    00159EUR2 2121127575511041225     LIBGOOGLE ONE     IE DUBLIN
0510207    00159EUR2 2121127575511041225     LIB1 99EUR 1 EURO   1 000000
0510207    00159EUR2 2121127575511041225     LIB021225 CB****3830
0410207021400159EUR2E2121127575511041225  041225FACTURE CB                       FK5EYGG100000000000590}EARL NOEL VERT F
0510207    00159EUR2 2121127575511041225     LIBEARL NOEL VERT FR FROZES
0510207    00159EUR2 2121127575511041225     LIB59 00EUR 1 EURO   1 000000
0510207    00159EUR2 2121127575511041225     LIB031225 CB****3830
0410207021400159EUR2E2121127575511041225  041225FACTURE CB                       FK5F3CT100000000000016RMS* COMFORTHOTEF
0510207    00159EUR2 2121127575511041225     LIBMS* COMFORTHOTEFR RAMONVILLE-S
0510207    00159EUR2 2121127575511041225     LIB1 69EUR 1 EURO   1 000000
0510207    00159EUR2 2121127575511041225     LIB031225 CB****9301
0410207021400159EUR2E2121127575511041225  041225FACTURE CB                       FK5F3CU100000000000428OCARREFOUR DAC VF
0510207    00159EUR2 2121127575511041225     LIBCARREFOUR DAC VFR LABEGE
0510207    00159EUR2 2121127575511041225     LIB42 86EUR 1 EURO   1 000000
0510207    00159EUR2 2121127575511041225     LIB031225 CB****9301
0410207021400159EUR2E2121127575511041225  041225FACTURE CB                       FK5F3CV100000000000657}H        B     N
0510207    00159EUR2 2121127575511041225     LIBHOTEL AT BOOKINNL AMSTERDAM
0510207    00159EUR2 2121127575511041225     LIB65 70EUR 1 EURO   1 000000
0510207    00159EUR2 2121127575511041225     LIB031225 CB****9301
0410207021400159EUR2E2121127575511041225  041225FACTURE CB                       FK5EYLQ100000000000394}CHARGEMAP      F
0510207    00159EUR2 2121127575511041225     LIBCHARGEMAP      FR STRASBOURG
0510207    00159EUR2 2121127575511041225     LIB39 40EUR 1 EURO   1 000000
0510207    00159EUR2 2121127575511041225     LIB021225 CB****1080
0410207021400159EUR2E2121127575511041225  041225FACTURE CB                       FK5F3O2100000000000065}SGS MARCHE BS  F
0510207    00159EUR2 2121127575511041225     LIBSGS MARCHE BS  FR SAINT2936040
0510207    00159EUR2 2121127575511041225     LIB6 50EUR 1 EURO   1 000000
0510207    00159EUR2 2121127575511041225     LIB021225 CB****4284
0410207021400159EUR2E2121127575511041225  041225FACTURE CB                       FK5F3O3100000000000930}CAFE DE L INDUSF
0510207    00159EUR2 2121127575511041225     LIBCAFE DE L INDUSFR 78SAINT-GERM
0510207    00159EUR2 2121127575511041225     LIB93 00EUR 1 EURO   1 000000
0510207    00159EUR2 2121127575511041225     LIB021225 CB****4284
0410207021400159EUR2E2121127575511041225  041225FACTURE CB                       FK5F3S4100000000000018}INDIGO0920601  F
0510207    00159EUR2 2121127575511041225     LIBINDIGO0920601  FR RUEIL0920601
0510207    00159EUR2 2121127575511041225     LIB1 80EUR 1 EURO   1 000000
0510207    00159EUR2 2121127575511041225     LIB031225 CB****9320
0410207052300159EUR2E2121127575506041225  041225EVI OCCAS CYBER                  3721289100000000103500}C0774237DNW
0510207    00159EUR2 2121127575506041225     LIBC0774237DNW
0510207    00159EUR2 2121127575506041225     LIBN  FACTURE   2025-110 DU 01/12/2
0510207    00159EUR2 2121127575506041225     LIBEVI F.Y BAT
0410207059300159EUR2E2121127575505041225  041225VIR INST                         WFOW1QF000000000003767EBIPT253380301177
0510207    00159EUR2 2121127575505041225     LIBBIPT253380301177530 C
0510207    00159EUR2 2121127575505041225     LIBDETECTION FUITE SOLDE
0510207    00159EUR2 2121127575505041225     LIBVIR INST M CHRISTOPHE BE
0710207    00159EUR2 21211275755  041225                                                  0000018305848I
0130258RLV 10000EUR2 08024136990  031225CAUVALEX MANUTENTION             COMPTE COURANT   0000000000000{        MT940
0730258RLV 10000EUR2 08024136990  041225                                                  0000000000000{
0110207    00142EUR2 70210592899  031225SARL DERICE                      COMPTE COURANT   0000000232754D
0410207053000142EUR2E7021059289999041225  251125ANN FRAIS/COTIS                  0039603000000000000070{FRAIS MODIF PLAF
0510207    00142EUR2 7021059289999041225     LIBFRAIS MODIF PLAFOND CB
0510207    00142EUR2 7021059289999041225     LIBXCOPZ005 2025112500039603000001
0510207    00142EUR2 7021059289999041225     LIBANNUL FRAIS MODIF CB
0710207    00142EUR2 70210592899  041225                                                  0000000232824D
0110207    00192EUR2 22217124045  031225PREVENTECH                       COMPTE COURANT   0000000012129C
0410207021400192EUR2E2221712404511041225  041225FACTURE CB                       FK5FBXF100000000000273}SANEF          F
0510207    00192EUR2 2221712404511041225     LIBSANEF          FR 60SENLIS
0510207    00192EUR2 2221712404511041225     LIB27 30EUR 1 EURO   1 000000
0510207    00192EUR2 2221712404511041225     LIB021225 CB****8606
0410207021400192EUR2E2221712404511041225  041225FACTURE CB                       FK5FBXG100000000000273}SANEF          F
0510207    00192EUR2 2221712404511041225     LIBSANEF          FR 60SENLIS
0510207    00192EUR2 2221712404511041225     LIB27 30EUR 1 EURO   1 000000
0510207    00192EUR2 2221712404511041225     LIB021225 CB****8606
0410207021400192EUR2E2221712404511041225  041225FACTURE CB                       FK5FBXH100000000001200}SUPER U        F
0510207    00192EUR2 2221712404511041225     LIBSUPER U        FR RUNGIS
0510207    00192EUR2 2221712404511041225     LIB120 00EUR 1 EURO   1 000000
0510207    00192EUR2 2221712404511041225     LIB031225 CB****8606
0410207021400192EUR2E2221712404511041225  041225FACTURE CB                       FK5F8T6100000000000800JTOTAL          F
0510207    00192EUR2 2221712404511041225     LIBTOTAL          FR 95ROISSY C D
0510207    00192EUR2 2221712404511041225     LIB80 01EUR 1 EURO   1 000000
0510207    00192EUR2 2221712404511041225     LIB031225 CB****8362
0410207056100192EUR2E2221712404504041225  041225VERST AUTOMATE                   2907210000000000010000{MONTMORENCY DCV.
0510207    00192EUR2 2221712404504041225     LIBMONTMORENCY DCV.
0510207    00192EUR2 2221712404504041225     LIBGAB 04/12 SAC2907210
0710207    00192EUR2 22217124045  041225                                                  0000000019583B
0110107    00215EUR2 00816052467  031225SOCIETE CIVILE DU VAL DE LOIRE                    0000000207531E
0410107003800215EUR2E0081605246711041225  041225TRANSACTION CARTE    038    000  33363510 0000000000113}
0510107    00215EUR2 0081605246711041225     LIBMC DONALD S     LE 02/12/25  CB.XXXXX1317
0510107    00215EUR2 0081605246711041225     LIBORIGINE   FRANCE            MONTANT   11 30 EUR
0710107    00215EUR2 00816052467  041225                                                  0000000207418E
0110207    00152EUR2 22217984733  031225SARL DERICE                      COMPTE COURANT   0000000147964C
0410207053700152EUR2E2221798473308041225  041225EUROPRELEVEMENT                  09WF6Y2100000000000432LMS01GPA2A99BW741
0510207    00152EUR2 2221798473308041225     LIBMS01GPA2A99BW741C0010501 - 25000
0510207    00152EUR2 2221798473308041225     LIBMS01GPA2A99BW741C0010501
0510207    00152EUR2 2221798473308041225     LIBPRLV SEPA GROUPAMA GAN V
0410207053700152EUR2E2221798473308041225  041225EUROPRELEVEMENT                  09ZIUVL100000000000680}PLV CMD DU 21/11
0510207    00152EUR2 2221798473308041225     LIBPLV CMD DU 21/11 AU 21/11
0510207    00152EUR2 2221798473308041225     LIB95059773
0510207    00152EUR2 2221798473308041225     LIBPRLV SEPA L AGITATEUR FL
0410207020600152EUR2E2221798473311041225  041225REMISE CB                        0117571000000000003430HBRUT      344 80
0510207    00152EUR2 2221798473311041225     LIBBRUT      344 80E - COM    1 72E
0510207    00152EUR2 2221798473311041225     LIB                - NB0002/600571
0510207    00152EUR2 2221798473311041225     LIBREMISE CB 1300934012
0410207020600152EUR2E2221798473311041225  041225REMISE CB                        0437015000000000000508{BRUT       51 00
0510207    00152EUR2 2221798473311041225     LIBBRUT       51 00E - COM    0 20E
0510207    00152EUR2 2221798473311041225     LIB                - NB0001/171015
0510207    00152EUR2 2221798473311041225     LIBREMISE CB 5453874016
0410207020600152EUR2E2221798473311041225  041225REMISE CB                        0716037000000000001515GBRUT      152 20
0510207    00152EUR2 2221798473311041225     LIBBRUT      152 20E - COM    0 63E
0510207    00152EUR2 2221798473311041225     LIB                - NB0007/103037
0510207    00152EUR2 2221798473311041225     LIBREMISE CB 5453875013
0710207    00152EUR2 22217984733  041225                                                  0000000152306E
0110207    00004EUR2 22211642215  031225SCI DE LA RUE DEZITTER           COMPTE COURANT   0000000000000{
0710207    00004EUR2 22211642215  041225                                                  0000000000000{
0110207    00311EUR2 20219207490  031225NORTRADE INTERNATIONAL           COMPTE COURANT EN0000000049603B
0710207    00311EUR2 20219207490  041225                                                  0000000049603B
0118707    00082EUR2 32121425058  031225SAVANE & MOUSSON STREET FOOD     COMPTE COURANT   0000000028076P
0418707093800082EUR2E3212142505811041225  041225FACTURE CB                       FK5E44L100000000000249QTURGODIS       F
0518707    00082EUR2 3212142505811041225     LIBTURGODIS       FR PARIS 09
0518707    00082EUR2 3212142505811041225     LIB24 98EUR 1 EURO   1 000000
0518707    00082EUR2 3212142505811041225     LIB031225 CB****4424
0718707    00082EUR2 32121425058  041225                                                  0000000028326N
0110207    00060EUR2 24213303820  031225SOCIETE CIVILE IMMOBILIERE IREM  COMPTE COURANT   0000000922280A
0410207059300060EUR2E2421330382005041225  041225VIR INST                         WFOSMEA000000000568673FSCTINSTOUTL JH3
0510207    00060EUR2 2421330382005041225     LIBSCTINSTOUTLXJH3QYCRNWNO1EJO26DKW
0510207    00060EUR2 2421330382005041225     LIBREMB CC
0510207    00060EUR2 2421330382005041225     LIBVIR INST QUATRO IMMO
0710207    00060EUR2 24213303820  041225                                                  0000001490953G
0110207    00060EUR2 24214417775  031225SCI DC                           COMPTE COURANT   0000000224549H
0710207    00060EUR2 24214417775  041225                                                  0000000224549H
0110207    00130EUR2 21213543636  031225BEAUCE TOURAINE                                   0000000027862E
0410207050500130EUR2E2121354363605041225  041225EUROVIREMENT                     FI2WGTG000000000000675IERF-TRD-0488605-
0510207    00130EUR2 2121354363605041225     LIBERF-TRD-0488605-02122025-1
0510207    00130EUR2 2121354363605041225     LIBEVI EDENRED FRANCE
0510207    00130EUR2 2121354363605041225     MMOEUR2000000000067590000000000000
0510207    00130EUR2 2121354363605041225     NPYEDENRED FRANCE
0510207    00130EUR2 2121354363605041225     NBESAS MESSAILI B
0510207    00130EUR2 2121354363605041225     LCCERF-TRD-0488605-02122025-1
0510207    00130EUR2 2121354363605041225     RCNVSCT-TX-37296
0410207050500130EUR2E2121354363605041225  041225EUROVIREMENT                     FI2Y8GY000000000000236F
0510207    00130EUR2 2121354363605041225     LIBEVI PLUXEE FRANCE
0510207    00130EUR2 2121354363605041225     MMOEUR2000000000023660000000000000
0510207    00130EUR2 2121354363605041225     NPYPLUXEE FRANCE
0510207    00130EUR2 2121354363605041225     NBELA GRANDE ROQUETTE
0510207    00130EUR2 2121354363605041225     RCNSOD-TRD-488605-30112025
0410207020600130EUR2E2121354363611041225  031225REMISE CB                        0975726000000000003022HBRUT      304 10
0510207    00130EUR2 2121354363611041225     LIBBRUT      304 10E - COM    1 82E
0510207    00130EUR2 2121354363611041225     LIB                - NB0029/140726
0510207    00130EUR2 2121354363611041225     LIBREMISE CB 5030009011
0410207052400130EUR2E2121354363662041225  301125FRAIS/COTIS                      0057533000000000000093}XCEBR410 2025113
0510207    00130EUR2 2121354363662041225     LIBXCEBR410 2025113000057533000001
0510207    00130EUR2 2121354363662041225     LIB1 OPERATION(S)
0510207    00130EUR2 2121354363662041225     LIBCOMMISSION INTERVENTION
0410207020600130EUR2E2121354363611041225  041225REMISE CB                        0401169000000000001203FBRUT      121 50
0510207    00130EUR2 2121354363611041225     LIBBRUT      121 50E - COM    1 14E
0510207    00130EUR2 2121354363611041225     LIB                - NB0006/158169
0510207    00130EUR2 2121354363611041225     LIBREMISE CB 5835268015
0710207    00130EUR2 21213543636  041225                                                  0000000032908D
0110207    00159EUR2 22218906510  031225AP LESAGE                        COMPTE COURANT   0000000181218F
0710207    00159EUR2 22218906510  041225                                                  0000000181218F
0110207    00159EUR2 21212959940  031225SCI DE L'ALISIER                 COMPTE COURANT   0000000383341H
0710207    00159EUR2 21212959940  041225                                                  0000000383341H
0110207    00154EUR2 22217342469  031225EL MANAR 2                       COMPTE COURANT   0000005678741F
0710207    00154EUR2 22217342469  041225                                                  0000005678741F
0110207    00151EUR2 21216225274  031225EGV HOLDING                      COMPTE COURANT   0000000146051A
0410207050500151EUR2E2121622527405041225  041225EUROVIREMENT                     FI2XB2I000000000009540{32 40709507542 1
0510207    00151EUR2 2121622527405041225     LIB32 40709507542 18 40709507542 AN
0510207    00151EUR2 2121622527405041225     LIBJAYATI                 021225
0510207    00151EUR2 2121622527405041225     LIBEVI CREDIPAR
0510207    00151EUR2 2121622527405041225     MMOEUR2000000000954000000000000000
0510207    00151EUR2 2121622527405041225     NPYCREDIPAR
0510207    00151EUR2 2121622527405041225     IPYCGCPFRP1XXX
0510207    00151EUR2 2121622527405041225     NBEANJAYATI
0510207    00151EUR2 2121622527405041225     IBECCBPFRPPMTG
0510207    00151EUR2 2121622527405041225     LCC32 40709507542 18 40709507542 ANJAYATI                 021225
0510207    00151EUR2 2121622527405041225     RCN9981992
0410207053700151EUR2E2121622527408041225  041225EUROPRELEVEMENT                  09ZRBQT100000000000389Q171-9847831-7825
0510207    00151EUR2 2121622527408041225     LIB171-9847831-7825121 AMZN MKTP FR
0510207    00151EUR2 2121622527408041225     LIBDSEE5-S6EYJZ-MPYJ5HWNE9KJG4RCU
0510207    00151EUR2 2121622527408041225     LIBPRLV SEPA AMAZON PAYMENT
0710207    00151EUR2 21216225274  041225                                                  0000000155201C
0130258RLV 10000EUR2 08000268111  031225EI AIGU MELANIE                  COMPTE COURANT   0000000735272G        MT940
0430258RLV 10000EUR2E0800026811106041225  041225REM VIR SEPA JOUR DU 04/12/25    53628630 0000000014096O
0530258    10000EUR2 0800026811106041225     LIBVRT SALAIRE CHARPENTIER JEREMIE
0530258    10000EUR2 0800026811106041225     NPYDECOFOR
0530258    10000EUR2 0800026811106041225     REFVRT SALAIRE CHARPENTIER JEREMIE
0430258RLV 10000EUR2E0800026811105041225  041225VIR SEPA SDC 43/45 AVENUE SIMON  19530711 0000000087458H
0530258    10000EUR2 0800026811105041225     LIBREF 20252793 FOUR DECOFOR DATE
0530258    10000EUR2 0800026811105041225     NPYSDC 43/45 AVENUE SIMON BOLIVAR   MS11094
0530258    10000EUR2 0800026811105041225     NBEDECOFOR
0530258    10000EUR2 0800026811105041225     LCCREF 20252793 FOUR DECOFOR DATE 19 11 2025
0530258    10000EUR2 0800026811105041225     RCN01CF6DB0DD6D4CAFB91B11CAF9018717
0430258RLV 10000EUR2E0800026811105041225  041225VIR SEPA SDC 43/45 AVENUE SIMON  23931821 0000000087458H
0530258    10000EUR2 0800026811105041225     LIBREF 20252794 FOUR DECOFOR DATE
0530258    10000EUR2 0800026811105041225     NPYSDC 43/45 AVENUE SIMON BOLIVAR   MS11094
0530258    10000EUR2 0800026811105041225     NBEDECOFOR
0530258    10000EUR2 0800026811105041225     LCCREF 20252794 FOUR DECOFOR DATE 19 11 2025
0530258    10000EUR2 0800026811105041225     RCN57F56156E0AD4E359C4163F8D5D6CE0F
0430258RLV 10000EUR2E0800026811105041225  041225VIR SEPA SDC 43/45 AVENUE SIMON  21864391 0000000083369{
0530258    10000EUR2 0800026811105041225     LIBREF 20252795 FOUR DECOFOR DATE
0530258    10000EUR2 0800026811105041225     NPYSDC 43/45 AVENUE SIMON BOLIVAR   MS11094
0530258    10000EUR2 0800026811105041225     NBEDECOFOR
0530258    10000EUR2 0800026811105041225     LCCREF 20252795 FOUR DECOFOR DATE 19 11 2025
0530258    10000EUR2 0800026811105041225     RCND2C9646D6E844B238AE16A8A0E23D768
0430258RLV 10000EUR2E0800026811105041225  041225VIR SEPA SDC 43/45 AVENUE SIMON  26940281 0000000068824H
0530258    10000EUR2 0800026811105041225     LIBREF 20252796 FOUR DECOFOR DATE
0530258    10000EUR2 0800026811105041225     NPYSDC 43/45 AVENUE SIMON BOLIVAR   MS11094
0530258    10000EUR2 0800026811105041225     NBEDECOFOR
0530258    10000EUR2 0800026811105041225     LCCREF 20252796 FOUR DECOFOR DATE 19 11 2025
0530258    10000EUR2 0800026811105041225     RCN6D6A51FCA79640469B97674079BBB6FA
0730258RLV 10000EUR2 08000268111  041225                                                  0000001048287E
0110107    00284EUR2 00117067725  031225STOORM                           CCE STOORM       0000000008490H
0710107    00284EUR2 00117067725  041225                                                  0000000008490H
0110207    00152EUR2 27210183398  031225POLY                             COMPTE COURANT   0000000737660F
0410207053700152EUR2E2721018339808041225  031225EUROPRELEVEMENT                  09Z7XYN100000000002869RRUM XX300658819S
0510207    00152EUR2 2721018339808041225     LIBRUM XX300658819SEPA/ICS FR36ZZZ8
0510207    00152EUR2 2721018339808041225     LIBXX300658819SEPA
0510207    00152EUR2 2721018339808041225     LIBPRLV SEPA FRANCILIANE
0410207050500152EUR2E2721018339805041225  031225EUROVIREMENT                     FI2X36S000000000008350{LOYER MME MAUVIE
0510207    00152EUR2 2721018339805041225     LIBLOYER MME MAUVIEUX
0510207    00152EUR2 2721018339805041225     LIBEVI MLE MARIE-MADELEINE
0510207    00152EUR2 2721018339805041225     MMOEUR2000000000835000000000000000
0510207    00152EUR2 2721018339805041225     NPYMLE MARIE-MADELEINE MAUVIEUX
0510207    00152EUR2 2721018339805041225     NBESCI GALLIENI
0510207    00152EUR2 2721018339805041225     LCCLOYER MME MAUVIEUX
0510207    00152EUR2 2721018339805041225     RCNI05V25337L004834
0710207    00152EUR2 27210183398  041225                                                  0000000743140G
0118707    00040EUR2 31721400998  031225LUCAS OPTIK                      COMPTE MUTUELLE  0000000138595H
0418707050500040EUR2E3172140099805041225  041225VIREMENT SEPA                    FJQGIJF100000000001753{F     895AUQUNCP
0518707    00040EUR2 3172140099805041225     LIBFAIRE 895AUQUNCP
0518707    00040EUR2 3172140099805041225     LIBVIREMENT FAIRE WHOLESALE
0518707    00040EUR2 3172140099805041225     MMOEUR2000000000175300000000000000
0518707    00040EUR2 3172140099805041225     NPYFAIRE WHOLESALE B. V.
0518707    00040EUR2 3172140099805041225     NBEAUTOUR DU PARFUM/ ATELIER LEBLANC
0518707    00040EUR2 3172140099805041225     LCCFAIRE 895AUQUNCP
0518707    00040EUR2 3172140099805041225     RCNNOTPROVIDED
0418707021400040EUR2E3172140099811041225  041225FACTURE CB                       FK5DXMJ100000000000790}M   C          F
0518707    00040EUR2 3172140099811041225     LIBMAXICOFFEE     FR MIOS
0518707    00040EUR2 3172140099811041225     LIB79 00EUR 1 EURO   1 000000
0518707    00040EUR2 3172140099811041225     LIB031225 CB****0686
0718707    00040EUR2 31721400998  041225                                                  0000000139558H
0110207    00197EUR2 23213287879  031225LK DEVELOPPEMENT                 COMPTE COURANT   0000000313754E
0410207050500197EUR2E2321328787905041225  041225EUROVIREMENT                     FJQFVMY000000000002160{SEPTEMBRE 2025
0510207    00197EUR2 2321328787905041225     LIBSEPTEMBRE 2025
0510207    00197EUR2 2321328787905041225     LIBEVI MME OUMOU SALAMATA B
0510207    00197EUR2 2321328787905041225     MMOEUR2000000000216000000000000000
0510207    00197EUR2 2321328787905041225     NPYMME OUMOU SALAMATA BAH
0510207    00197EUR2 2321328787905041225     NBEDOOMAERT
0510207    00197EUR2 2321328787905041225     LCCSEPTEMBRE 2025
0510207    00197EUR2 2321328787905041225     RCNFA-2025-09-1594
0410207050500197EUR2E2321328787905041225  041225EUROVIREMENT                     FJQG3I5000000000011832{FA-2025-11-1785-
0510207    00197EUR2 2321328787905041225     LIBFA-2025-11-1785-F DU  23 11 2025
0510207    00197EUR2 2321328787905041225     LIBEVI MME  RUBIO-MILET ET
0510207    00197EUR2 2321328787905041225     MMOEUR2000000001183200000000000000
0510207    00197EUR2 2321328787905041225     NPYMME  RUBIO-MILET ET MR JP MILET
0510207    00197EUR2 2321328787905041225     NBESAS JARDINAGE A DOMICILE EXPRESS
0510207    00197EUR2 2321328787905041225     LCCFA-2025-11-1785-F DU  23 11 2025
0510207    00197EUR2 2321328787905041225     RCNNOTPROVIDED
0410207050500197EUR2E2321328787905041225  041225EUROVIREMENT                     FJQGAO3000000000002232{VRT URSSAF POUR
0510207    00197EUR2 2321328787905041225     LIBVRT URSSAF POUR FA-2025-11-1793
0510207    00197EUR2 2321328787905041225     LIBEVI URSSAF RA CESU PREST
0510207    00197EUR2 2321328787905041225     MMOEUR2000000000223200000000000000
0510207    00197EUR2 2321328787905041225     NPYURSSAF RA CESU PRESTATAIRE
0510207    00197EUR2 2321328787905041225     NBEJARDINAGE A DOMICILE EXPRESS
0510207    00197EUR2 2321328787905041225     IBESIREN
0510207    00197EUR2 2321328787905041225     LCCVRT URSSAF POUR FA-2025-11-1793
0510207    00197EUR2 2321328787905041225     RCNI0000048640849
0410207021400197EUR2E2321328787911041225  041225FACTURE CB                       FK5EXWJ100000000000274PSUPER U        F
0510207    00197EUR2 2321328787911041225     LIBSUPER U        FR RUNGIS
0510207    00197EUR2 2321328787911041225     LIB27 47EUR 1 EURO   1 000000
0510207    00197EUR2 2321328787911041225     LIB021225 CB****0516
0410207021400197EUR2E2321328787911041225  041225FACTURE CB                       FK5EXWK100000000001020QSUPER U        F
0510207    00197EUR2 2321328787911041225     LIBSUPER U        FR RUNGIS
0510207    00197EUR2 2321328787911041225     LIB102 08EUR 1 EURO   1 000000
0510207    00197EUR2 2321328787911041225     LIB021225 CB****0516
0410207050500197EUR2E2321328787905041225  041225EUROVIREMENT                     FJQIEVX000000000000852{R   FA-2025-11-1
0510207    00197EUR2 2321328787905041225     LIBREF FA-2025-11-1800 FOUR JADE DA
0510207    00197EUR2 2321328787905041225     LIBTE 04 12 2025
0510207    00197EUR2 2321328787905041225     LIBEVI SDC LE COEUR VILLAGE
0510207    00197EUR2 2321328787905041225     MMOEUR2000000000085200000000000000
0510207    00197EUR2 2321328787905041225     NPYSDC LE COEUR VILLAGE - BP
0510207    00197EUR2 2321328787905041225     NBEJADE
0510207    00197EUR2 2321328787905041225     LCCREF FA-2025-11-1800 FOUR JADE DATE 04 12 2025
0510207    00197EUR2 2321328787905041225     RCN9F2FF2234B9E463C9B3DAC4A505C1FD9
0710207    00197EUR2 23213287879  041225                                                  0000000329535{
0110207    00004EUR2 04004082912  031225SCI ACDB                         COMPTE COURANT   0000000000587L
0710207    00004EUR2 04004082912  041225                                                  0000000000587L
0118707    00128EUR2 31321661517  031225LK DEVELOPPEMENT                 COMPTE COURANT   0000000000000{
0718707    00128EUR2 31321661517  041225                                                  0000000000000{
0110207    00330EUR2 22218136276  031225MLE CLAIRE GUENERIN              COMPTE COURANT   0000000054864I
0710207    00330EUR2 22218136276  041225                                                  0000000054864I
0110107    00128EUR2 00413066506  031225SOCIETE CIVILE IMMOBILIERE IREM  COMPTE COURANT   0000000013667J
0410107005400128EUR2E0041306650644041225  041225VIRT. INTERNAT EMIS  054    000  19588850 0000000003250}
0510107    00128EUR2 0041306650644041225     LIBSTADIA COMMUNICATION
0510107    00128EUR2 0041306650644041225     LIBMA64050780001210710981200247
0510107    00128EUR2 0041306650644041225     LIBCAFGMAMCXXX
0510107    00128EUR2 0041306650644041225     LIBACOMPTE
0510107    00128EUR2 0041306650644041225     LIBIRVTDEFX
0510107    00128EUR2 0041306650644041225     LIBOUR
0410107014200128EUR2E0041306650664041225  041225COM. VIRT. INTL.     142    000  19588850 0000000000323}
0510107    00128EUR2 0041306650664041225     LIB(DONT HORS TAXE E.26 92  TVA TAUX 20 00   E.5 38)
0410107014000128EUR2E0041306650691041225  041225FRAIS BQUE ETR       140    000  19588850 0000000000282}
0510107    00128EUR2 0041306650691041225     LIB(DONT HORS TAXE E.23 50  TVA TAUX 20 00   E.4 70)
0410107089000128EUR2E0041306650664041225  041225COM AVIS D OPERE     890    000  19588850 0000000000030O
0510107    00128EUR2 0041306650664041225     LIB(DONT HORS TAXE E.2 55  TVA TAUX 20 00   E.0 51)
0410107003800128EUR2E0041306650611041225  041225TRANSACTION CARTE    038    000  10000860 0000000004050}
0510107    00128EUR2 0041306650611041225     LIBSPORTECH FR     LE 04/12/25  CB.XXXXX1790
0510107    00128EUR2 0041306650611041225     LIBORIGINE   FRANCE            MONTANT   405 00 EUR
0410107003800128EUR2E0041306650611041225  041225TRANSACTION CARTE    038    000  00009750 0000000000059R
0510107    00128EUR2 0041306650611041225     LIBUBER   *ONE MEM LE 03/12/25  CB.XXXXX1790
0510107    00128EUR2 0041306650611041225     LIBORIGINE   PAYS BAS          MONTANT   5 99 EUR
0710107    00128EUR2 00413066506  041225                                                  0000000021662O
0110107    00228EUR2 00112062804  031225EI AIGU MELANIE                  COMPTE COURANT   0000000817784I
0410107014200228EUR2E0011206280464041225  041225COM. VIRT. INTL.     142    000  19586950 0000000001546Q
0510107    00228EUR2 0011206280464041225     LIB(DONT HORS TAXE E.128 90  TVA TAUX 20 00   E.25 78)
0410107089000228EUR2E0011206280464041225  041225COM AVIS D OPERE     890    000  19586950 0000000000030O
0510107    00228EUR2 0011206280464041225     LIB(DONT HORS TAXE E.2 55  TVA TAUX 20 00   E.0 51)
0410107089900228EUR2E0011206280462041225  041225COM DEVISE DEPLACEE  899    000  19586950 0000000000069O
0510107    00228EUR2 0011206280462041225     LIB(DONT HORS TAXE E.5 80  TVA TAUX 20 00   E.1 16)
0710107    00228EUR2 00112062804  041225                                                  0000000816137I
0110207    00020EUR2 21213940954  031225EI EMILIE DE SOUSA               COMPTE COURANT   0000000000234G
0410207050500020EUR2E2121394095405041225  041225EUROVIREMENT                     FI2WI7J000000000000224IERF-TRD-0858310-
0510207    00020EUR2 2121394095405041225     LIBERF-TRD-0858310-02122025-1
0510207    00020EUR2 2121394095405041225     LIBEVI EDENRED FRANCE
0510207    00020EUR2 2121394095405041225     MMOEUR2000000000022490000000000000
0510207    00020EUR2 2121394095405041225     NPYEDENRED FRANCE
0510207    00020EUR2 2121394095405041225     NBESARL BATEAU CHOCOLATE
0510207    00020EUR2 2121394095405041225     LCCERF-TRD-0858310-02122025-1
0510207    00020EUR2 2121394095405041225     RCNVSCT-TX-39678
0410207020600020EUR2E2121394095411041225  031225REMISE CB                        0158480000000000005794DBRUT      586 00
0510207    00020EUR2 2121394095411041225     LIBBRUT      586 00E - COM    6 56E
0510207    00020EUR2 2121394095411041225     LIB                - NB0001/152480
0510207    00020EUR2 2121394095411041225     LIBREMISE CB 5145872013
0410207020600020EUR2E2121394095411041225  031225REMISE CB                        0954783000000000000184BBRUT       18 50
0510207    00020EUR2 2121394095411041225     LIBBRUT       18 50E - COM    0 08E
0510207    00020EUR2 2121394095411041225     LIB                - NB0001/151783
0510207    00020EUR2 2121394095411041225     LIBREMISE CB 5145873010
0410207052400020EUR2E2121394095462041225  301125FRAIS/COTIS                      0057887000000000001302}XCEBR410 2025113
0510207    00020EUR2 2121394095462041225     LIBXCEBR410 2025113000057887000001
0510207    00020EUR2 2121394095462041225     LIB14 OPERATION(S)
0510207    00020EUR2 2121394095462041225     LIBCOMMISSION INTERVENTION
0410207059300020EUR2E2121394095405041225  041225VIR INST                         WFOXKON000000000000800{BIPT253380301355
0510207    00020EUR2 2121394095405041225     LIBBIPT253380301355852 C
0510207    00020EUR2 2121394095405041225     LIBVIREMENT DE CHRISTINE BARTHELEMY
0510207    00020EUR2 2121394095405041225     LIBVIR INST CHRISTINE BARTH
0710207    00020EUR2 21213940954  041225                                                  0000000005936B
0110107    00118EUR2 00324046259  031225BOUCHERIE EL MANAR               COMPTE COURANT   0000000150091H
0710107    00118EUR2 00324046259  041225                                                  0000000150091H
0110207    00027EUR2 04027030455  031225JOBDOCTOR                     JOBDOCTOR SAS       0000000506878E
0710207    00027EUR2 04027030455  041225                                                  0000000506878E
0118707    00033EUR2 03321029286  031225NORTRADE INTERNATIONAL           COMPTE COURANT EN0000000157947D
0418707050500033EUR2E0332102928605041225  041225VIREMENT SEPA                    FI2XVZZ100000000003949{VIREMENT DE MME
0518707    00033EUR2 0332102928605041225     LIBVIREMENT DE MME MARCANDELLA SVET
0518707    00033EUR2 0332102928605041225     LIBLANA
0518707    00033EUR2 0332102928605041225     LIBVIREMENT MME MARCANDELLA
0518707    00033EUR2 0332102928605041225     MMOEUR2000000000394900000000000000
0518707    00033EUR2 0332102928605041225     NPYMME MARCANDELLA SVETLANA
0518707    00033EUR2 0332102928605041225     NBESARL DADECO
0518707    00033EUR2 0332102928605041225     LCCVIREMENT DE MME MARCANDELLA SVETLANA
0518707    00033EUR2 0332102928605041225     RCNVIREMENT DE MME MARCANDELLA SVETLAN
0418707053700033EUR2E0332102928608041225  041225PRLV SEPA                        0GDOIVH100000000011867}504238291914-THE
0518707    00033EUR2 0332102928608041225     LIB504238291914-THELEM-
0518707    00033EUR2 0332102928608041225     LIB99RTH000184108
0518707    00033EUR2 0332102928608041225     LIBPRLV SEPA THELEM ASSURAN
0718707    00033EUR2 03321029286  041225                                                  0000000150029D