0110207    00233EUR2 23219872262  271125THEMA PLUS SARL               THEMA PLUS SARL     0000000976910{
0410207020600233EUR2E2321987226211281125  281125REMISE CB                        0803847000000000026955FBRUT    2 733 00
0510207    00233EUR2 2321987226211281125     LIBBRUT    2 733 00E - COM   37 44E
0510207    00233EUR2 2321987226211281125     LIB                - NB0007/141847
0510207    00233EUR2 2321987226211281125     LIBREMISE CB 5111478010
0410207093600233EUR2E2321987226206281125  281125VIR INST PRO                     WFM5O26100000000009559KP    DAS NEVES
0510207    00233EUR2 2321987226206281125     LIBPOUR DAS NEVES  LAURINDA
0510207    00233EUR2 2321987226206281125     LIBSALAIRE NOVEMBRE 2025
0510207    00233EUR2 2321987226206281125     LIBVIR INST DAS NEVES  LAUR
0410207093600233EUR2E2321987226206281125  281125VIR INST PRO                     WFM5O8K100000000031860MP    LALANDE N
0510207    00233EUR2 2321987226206281125     LIBPOUR LALANDE NATHALIE
0510207    00233EUR2 2321987226206281125     LIBSALAIRE NOVEMBRE 2025
0510207    00233EUR2 2321987226206281125     LIBVIR INST LALANDE NATHALI
0410207052300233EUR2E2321987226206281125  281125EVI OCCAS CYBER                  3433881100000000030246LC2279335D6K
0510207    00233EUR2 2321987226206281125     LIBC2279335D6K
0510207    00233EUR2 2321987226206281125     LIBSALAIRE NOVEMBRE 2025
0510207    00233EUR2 2321987226206281125     LIBEVI MARINKOVIC JUDITA
0410207052300233EUR2E2321987226206281125  281125EVI OCCAS CYBER                  3434050100000000036417MC2279335D6K
0510207    00233EUR2 2321987226206281125     LIBC2279335D6K
0510207    00233EUR2 2321987226206281125     LIBSALAIRE NOVEMBRE 2025
0510207    00233EUR2 2321987226206281125     LIBEVI SCHMITT ZHANG YINAN
0410207052300233EUR2E2321987226206281125  281125EVI OCCAS CYBER                  3434214100000000008301LC2279335D6K
0510207    00233EUR2 2321987226206281125     LIBC2279335D6K
0510207    00233EUR2 2321987226206281125     LIBSALAIRE NOVEMBER 2025
0510207    00233EUR2 2321987226206281125     LIBEVI LOUZNINI FATIMA
0410207052300233EUR2E2321987226206281125  281125EVI OCCAS CYBER                  3434376100000000019971JC2279335D6K
0510207    00233EUR2 2321987226206281125     LIBC2279335D6K
0510207    00233EUR2 2321987226206281125     LIBSALAIRE NOVEMBRE 2025
0510207    00233EUR2 2321987226206281125     LIBEVI HERRERO MARIE LOUISE
0410207052300233EUR2E2321987226206281125  281125EVI OCCAS CYBER                  3434503100000000027610MC2279335D6K
0510207    00233EUR2 2321987226206281125     LIBC2279335D6K
0510207    00233EUR2 2321987226206281125     LIBSALAIRE NOVEMBRE 2025
0510207    00233EUR2 2321987226206281125     LIBEVI MURIEL DAVID
0410207022400233EUR2E2321987226299281125  281125ANNUL.FACT.CB                    F9Q8MRG000000000000070{PRINTEMPS HAUSS
0510207    00233EUR2 2321987226299281125     LIBPRINTEMPS HAUSS DONT FRAIS  0 00
0510207    00233EUR2 2321987226299281125     LIB7 00EUR 1 EURO   1 000000
0510207    00233EUR2 2321987226299281125     LIB271125 CB****3678
0410207052300233EUR2E2321987226206281125  281125EVI OCCAS CYBER                  3435049100000000022000}C2279335D6K
0510207    00233EUR2 2321987226206281125     LIBC2279335D6K
0510207    00233EUR2 2321987226206281125     LIBFACTURE 204/00
0510207    00233EUR2 2321987226206281125     LIBEVI CRISMA DI CAVALIERE
0410207052300233EUR2E2321987226206281125  281125EVI OCCAS CYBER                  3435214100000000046614OC2279335D6K
0510207    00233EUR2 2321987226206281125     LIBC2279335D6K
0510207    00233EUR2 2321987226206281125     LIBFACTURE 200731
0510207    00233EUR2 2321987226206281125     LIBEVI DUCOTEX
0410207056100233EUR2E2321987226204281125  281125VERST AUTOMATE                   6301477000000000026900{REPUBLIQUE DCV.
0510207    00233EUR2 2321987226204281125     LIBREPUBLIQUE DCV.
0510207    00233EUR2 2321987226204281125     LIBGAB 28/11 SAC6301477
0710207    00233EUR2 23219872262  281125                                                  0000000798254I
0118707    00035EUR2 09521723538  271125SCI DC                           COMPTE COURANT   0000000734798A
0418707052400035EUR2E0952172353862281125  271125FRAIS                            0018459000000000000002LXCMIS001 2025112
0518707    00035EUR2 0952172353862281125     LIBXCMIS001 2025112700018459000001
0518707    00035EUR2 0952172353862281125     LIB                I253310000811226
0518707    00035EUR2 0952172353862281125     LIBFR REMISE VIREMENT
0418707053700035EUR2E0952172353808281125  281125PRLV SEPA                        0GE6Q5X100000000001872}F20251113768
0518707    00035EUR2 0952172353808281125     LIBF20251113768
0518707    00035EUR2 0952172353808281125     LIB441752EG1000331
0518707    00035EUR2 0952172353808281125     LIBPRLV SEPA EASTERNGRAPHIC
0418707053700035EUR2E0952172353808281125  281125PRLV SEPA                        0GEBBUQ100000000000808O000CR5519P010759
0518707    00035EUR2 0952172353808281125     LIB000CR5519P01075968
0518707    00035EUR2 0952172353808281125     LIBCR5519
0518707    00035EUR2 0952172353808281125     LIBPRLV SEPA WEX EUROPE SER
0418707050900035EUR2E0952172353806281125  281125VIR SEPA TELETR                  0GKXYUL100000000006305OSTORE DISCOUNT -
0518707    00035EUR2 0952172353806281125     LIBSTORE DISCOUNT - STORE DIS-DEV-D
0518707    00035EUR2 0952172353806281125     LIBABSI253320000608233
0518707    00035EUR2 0952172353806281125     LIBVIR REMISE
0418707012500035EUR2E0952172353811281125  281125PAIEMENT CARTE                   0000000100000000056026M
0718707    00035EUR2 09521723538  281125                                                  0000000669783B
0110207    00159EUR2 22219159748  271125L'EPICURIEN                      COMPTE COURANT   0000001175223A
0710207    00159EUR2 22219159748  281125                                                  0000001175223A
0110107    00211EUR2 00014025586  271125** PAS DE MOUVEMENT CE JOUR **                    0000000051705C
0710107    00211EUR2 00014025586  281125                                                  0000000051705C
0110207    00220EUR2 23213326585  271125EMON RESTAURANT DU LAC B         COMPTE COURANT   0000000033284E
0410207050500220EUR2E2321332658505281125  281125EUROVIREMENT                     F85PNMY000000000000672{FAC. 44000125000
0510207    00220EUR2 2321332658505281125     LIBFAC. 44000125000000134 DU 20/11/
0510207    00220EUR2 2321332658505281125     LIB2025EL25009801 DELEGATION BILIN
0510207    00220EUR2 2321332658505281125     LIBEVI SGC GARGES
0510207    00220EUR2 2321332658505281125     MMOEUR2000000000067200000000000000
0510207    00220EUR2 2321332658505281125     NPYSGC GARGES
0510207    00220EUR2 2321332658505281125     NBEMAISON VASSEUR
0510207    00220EUR2 2321332658505281125     LCCFAC. 44000125000000134 DU 20/11/2025EL25009801 DELEGATION BILIN CONSEI
0510207    00220EUR2 2321332658505281125     LC2FAC. 44000125000000134 DU 20/11/2025EL25009801 DELEGATION BILIN CONSEI
0510207    00220EUR2 2321332658505281125     RCN1609510501000026112025-2795
0410207050500220EUR2E2321332658505281125  281125EUROVIREMENT                     F85QDCH000000000000346I
0510207    00220EUR2 2321332658505281125     LIBEVI PLUXEE FRANCE
0510207    00220EUR2 2321332658505281125     MMOEUR2000000000034690000000000000
0510207    00220EUR2 2321332658505281125     NPYPLUXEE FRANCE
0510207    00220EUR2 2321332658505281125     NBEMAISON VASSEUR
0510207    00220EUR2 2321332658505281125     RCNSOD-TRD-2108129-23112025
0410207053700220EUR2E2321332658508281125  281125EUROPRELEVEMENT                  09XCK8I100000000005058PPREL 25100330 MO
0510207    00220EUR2 2321332658508281125     LIBPREL 25100330 MOULIN HOCHE
0510207    00220EUR2 2321332658508281125     LIBC-52697
0510207    00220EUR2 2321332658508281125     LIBPRLV SEPA MOULIN HOCHE
0410207053700220EUR2E2321332658508281125  281125EUROPRELEVEMENT                  09XDKED100000000003477RFOU25101247
0510207    00220EUR2 2321332658508281125     LIBFOU25101247
0510207    00220EUR2 2321332658508281125     LIBCLVASSEURFOSSES258570
0510207    00220EUR2 2321332658508281125     LIBPRLV SEPA MOULINS FOUCHE
0410207020600220EUR2E2321332658511281125  281125REMISE CB                        0490938000000000000504FBRUT       50 69
0510207    00220EUR2 2321332658511281125     LIBBRUT       50 69E - COM    0 23E
0510207    00220EUR2 2321332658511281125     LIB                - NB0007/144938
0510207    00220EUR2 2321332658511281125     LIBREMISE CB 5031496013
0410207020600220EUR2E2321332658511281125  281125REMISE CB                        0489387000000000002952{BRUT      296 95
0510207    00220EUR2 2321332658511281125     LIBBRUT      296 95E - COM    1 75E
0510207    00220EUR2 2321332658511281125     LIB                - NB0064/144387
0510207    00220EUR2 2321332658511281125     LIBREMISE CB 5031496013
0410207021400220EUR2E2321332658511281125  281125FACTURE CB                       FA86O9V100000000000240NSERDIS         F
0510207    00220EUR2 2321332658511281125     LIBSERDIS         FR LA CHAPELLE
0510207    00220EUR2 2321332658511281125     LIB24 05EUR 1 EURO   1 000000
0510207    00220EUR2 2321332658511281125     LIB271125 CB****5968
0710207    00220EUR2 23213326585  281125                                                  0000000028982I
0110207    00159EUR2 21211275755  271125PAGE STEPHIE DOMINIQUE           COMPTE COURANT   0000017933576G
0410207050500159EUR2E2121127575505281125  281125EUROVIREMENT                     F85Q7HL000000000006600{REFERENCES FB217
0510207    00159EUR2 2121127575505281125     LIBREFERENCES FB2179
0510207    00159EUR2 2121127575505281125     LIBEVI SDC 194 196 BD BINEA
0510207    00159EUR2 2121127575505281125     MMOEUR2000000000660000000000000000
0510207    00159EUR2 2121127575505281125     NPYSDC 194 196 BD BINEAU
0510207    00159EUR2 2121127575505281125     NBESARL ENERPUR ETANCHEITE
0510207    00159EUR2 2121127575505281125     LCCREFERENCES FB2179
0510207    00159EUR2 2121127575505281125     RCN62935.GIMINI.20251127155621747/113
0410207053700159EUR2E2121127575508281125  281125EUROPRELEVEMENT                  09XCDMA100000000000180M406-8076783-3625
0510207    00159EUR2 2121127575508281125     LIB406-8076783-3625169 AMZN MKTP FR
0510207    00159EUR2 2121127575508281125     LIBIDH(9RNZ D5T0F5I WAAJCIHR6T(8W
0510207    00159EUR2 2121127575508281125     LIBPRLV SEPA AMAZON PAYMENT
0410207053700159EUR2E2121127575508281125  281125EUROPRELEVEMENT                  09XCDWI100000000000068R406-8076783-3625
0510207    00159EUR2 2121127575508281125     LIB406-8076783-3625169 AMZN MKTP FR
0510207    00159EUR2 2121127575508281125     LIBIDH(9RNZ D5T0F5I WAAJCIHR6T(8W
0510207    00159EUR2 2121127575508281125     LIBPRLV SEPA AMAZON PAYMENT
0410207050500159EUR2E2121127575505281125  281125EUROVIREMENT                     F9T9I9G000000000020000{REFERENCES  A FB
0510207    00159EUR2 2121127575505281125     LIBREFERENCES  A FB0974
0510207    00159EUR2 2121127575505281125     LIBEVI SDC 10 BIS RUE DE PA
0510207    00159EUR2 2121127575505281125     MMOEUR2000000002000000000000000000
0510207    00159EUR2 2121127575505281125     NPYSDC 10 BIS RUE DE PARIS
0510207    00159EUR2 2121127575505281125     NBEENERPUR ETANCHEITE
0510207    00159EUR2 2121127575505281125     LCCREFERENCES  A FB0974
0510207    00159EUR2 2121127575505281125     RCN62981.GIMINI.20251128103249064/6
0410207050500159EUR2E2121127575505281125  281125EUROVIREMENT                     F9TA1O4000000000004357HVIRT CABINET LAT
0510207    00159EUR2 2121127575505281125     LIBVIRT CABINET LATY
0510207    00159EUR2 2121127575505281125     LIBEVI SDC 81 RUE DU BAC
0510207    00159EUR2 2121127575505281125     MMOEUR2000000000435780000000000000
0510207    00159EUR2 2121127575505281125     NPYSDC 81 RUE DU BAC            0003540102
0510207    00159EUR2 2121127575505281125     NBEENERPUR ETANCHEITE
0510207    00159EUR2 2121127575505281125     LCCVIRT CABINET LATY
0510207    00159EUR2 2121127575505281125     RCNVIRT. 2025-11-28/SDC 81 RUE DU BAC
0410207050500159EUR2E2121127575505281125  281125EUROVIREMENT                     F9TA7FW000000000029717CR   FB1928 F
0510207    00159EUR2 2121127575505281125     LIBREF FB1928 FOUR ENERPUR ETANCHEI
0510207    00159EUR2 2121127575505281125     LIBTE DATE 28 11 2025
0510207    00159EUR2 2121127575505281125     LIBEVI SDC 126 36 CHAPTAL
0510207    00159EUR2 2121127575505281125     MMOEUR2000000002971730000000000000
0510207    00159EUR2 2121127575505281125     NPYSDC 126 36 CHAPTAL
0510207    00159EUR2 2121127575505281125     NBEENERPUR
0510207    00159EUR2 2121127575505281125     LCCREF FB1928 FOUR ENERPUR ETANCHEITE DATE 28 11 2025
0510207    00159EUR2 2121127575505281125     RCN1CA2511079284D609F93949DFE6BC4F3
0410207052300159EUR2E2121127575506281125  281125EVI OCCAS CYBER                  3434744100000000240000}V           S
0510207    00159EUR2 2121127575506281125     LIBVIREMENT DE SAS ENERPUR ETANCHEI
0510207    00159EUR2 2121127575506281125     LIBF02072 DU 28 NOVEMBRE ESCALIER V
0510207    00159EUR2 2121127575506281125     LIBEVI YOANN METAL SERRURIE
0410207021400159EUR2E2121127575511281125  281125FACTURE CB                       FA86X6Z100000000000662PTOTAL          F
0510207    00159EUR2 2121127575511281125     LIBTOTAL          FR 60SENLIS
0510207    00159EUR2 2121127575511281125     LIB66 27EUR 1 EURO   1 000000
0510207    00159EUR2 2121127575511281125     LIB271125 CB****9301
0410207021400159EUR2E2121127575511281125  281125FACTURE CB                       FA86XHL100000000000027}INDIGO 780002  F
0510207    00159EUR2 2121127575511281125     LIBINDIGO 780002  FR SAINT0780002
0510207    00159EUR2 2121127575511281125     LIB2 70EUR 1 EURO   1 000000
0510207    00159EUR2 2121127575511281125     LIB261125 CB****4284
0410207021400159EUR2E2121127575511281125  281125FACTURE CB                       FA86XLQ100000000000025}STAT ISSY HORO F
0510207    00159EUR2 2121127575511281125     LIBSTAT ISSY HORO FR 92GPSO
0510207    00159EUR2 2121127575511281125     LIB2 50EUR 1 EURO   1 000000
0510207    00159EUR2 2121127575511281125     LIB271125 CB****9320
0410207021400159EUR2E2121127575511281125  281125FACTURE CB                       FA86XLR100000000001235}L ISLE ST MICHEF
0510207    00159EUR2 2121127575511281125     LIBL ISLE ST MICHEFR SAINT MICHEL
0510207    00159EUR2 2121127575511281125     LIB123 50EUR 1 EURO   1 000000
0510207    00159EUR2 2121127575511281125     LIB271125 CB****9320
0410207021400159EUR2E2121127575511281125  281125FACTURE CB                       FA86XUS100000000000730}TRAINLINE      F
0510207    00159EUR2 2121127575511281125     LIBTRAINLINE      FR WWW.THETRAIN
0510207    00159EUR2 2121127575511281125     LIB73 00EUR 1 EURO   1 000000
0510207    00159EUR2 2121127575511281125     LIB271125 CB****9514
0410207021400159EUR2E2121127575511281125  281125FACTURE CB                       FA86XUT100000000000927LESSO MARCOUSSISF
0510207    00159EUR2 2121127575511281125     LIBESSO MARCOUSSISFR MARCO 560912
0510207    00159EUR2 2121127575511281125     LIB92 73EUR 1 EURO   1 000000
0510207    00159EUR2 2121127575511281125     LIB271125 CB****9514
0410207021400159EUR2E2121127575511281125  281125FACTURE CB                       FA86OJ0100000000000435MBUREAU VALLEE  F
0510207    00159EUR2 2121127575511281125     LIBBUREAU VALLEE  FR SALAISE SUR
0510207    00159EUR2 2121127575511281125     LIB43 54EUR 1 EURO   1 000000
0510207    00159EUR2 2121127575511281125     LIB271125 CB****4691
0410207021400159EUR2E2121127575511281125  281125FACTURE CB                       FA86OJ1100000000000573}TRIDOME        F
0510207    00159EUR2 2121127575511281125     LIBTRIDOME        FR SALAISE-SUR-
0510207    00159EUR2 2121127575511281125     LIB57 30EUR 1 EURO   1 000000
0510207    00159EUR2 2121127575511281125     LIB271125 CB****4691
0710207    00159EUR2 21211275755  281125                                                  0000017749387A
0130258RLV 10000EUR2 08024136990  271125CAUVALEX MANUTENTION             COMPTE COURANT   0000000000000{        MT940
0730258RLV 10000EUR2 08024136990  281125                                                  0000000000000{
0130258RLV 10000EUR2 08024136990  281125CAUVALEX MANUTENTION             COMPTE COURANT   0000000000000{        MT940
0730258RLV 10000EUR2 08024136990  291125                                                  0000000000000{
0110207    00142EUR2 70210592899  271125SARL DERICE                      COMPTE COURANT   0000000256431I
0410207052300142EUR2E7021059289906281125  281125EVI OCCAS CYBER                  3347797100000000031966}C0502507
0510207    00142EUR2 7021059289906281125     LIBC0502507
0510207    00142EUR2 7021059289906281125     LIBNOVEMBRE 2025
0510207    00142EUR2 7021059289906281125     LIBEVI ORVEN REMI
0410207052300142EUR2E7021059289906281125  281125EVI OCCAS CYBER                  3347902100000000031966}C0502507
0510207    00142EUR2 7021059289906281125     LIBC0502507
0510207    00142EUR2 7021059289906281125     LIBNOVEMBRE 2025
0510207    00142EUR2 7021059289906281125     LIBEVI GEHIN CLOVIS
0410207052300142EUR2E7021059289906281125  281125EVI OCCAS CYBER                  3348005100000000026920JC0502507
0510207    00142EUR2 7021059289906281125     LIBC0502507
0510207    00142EUR2 7021059289906281125     LIBNOVEMBRE 2025
0510207    00142EUR2 7021059289906281125     LIBEVI SCHUYER FLORENT
0410207052300142EUR2E7021059289906281125  281125EVI OCCAS CYBER                  3348130100000000001074}C0502507
0510207    00142EUR2 7021059289906281125     LIBC0502507
0510207    00142EUR2 7021059289906281125     LIBFACTURE N 31125008510 DU 30/10/2
0510207    00142EUR2 7021059289906281125     LIBEVI FITECO
0410207052300142EUR2E7021059289906281125  281125EVI OCCAS CYBER                  3348270100000000003840}C0502507
0510207    00142EUR2 7021059289906281125     LIBC0502507
0510207    00142EUR2 7021059289906281125     LIBFACTURE N 31125008708 DU 05/11/2
0510207    00142EUR2 7021059289906281125     LIBEVI FITECO
0410207052300142EUR2E7021059289906281125  281125EVI OCCAS CYBER                  3348386100000000001620}C0502507
0510207    00142EUR2 7021059289906281125     LIBC0502507
0510207    00142EUR2 7021059289906281125     LIBFACTURE N 2501500
0510207    00142EUR2 7021059289906281125     LIBEVI OSN
0410207052300142EUR2E7021059289906281125  281125EVI OCCAS CYBER                  3349768100000000060000}C0502507
0510207    00142EUR2 7021059289906281125     LIBC0502507
0510207    00142EUR2 7021059289906281125     LIBNOVEMBRE 2025
0510207    00142EUR2 7021059289906281125     LIBEVI GEHIN
0710207    00142EUR2 70210592899  281125                                                  0000000099045H
0110207    00192EUR2 22217124045  271125PREVENTECH                       COMPTE COURANT   0000000046615{
0410207052300192EUR2E2221712404506281125  281125EVI OCCAS CYBER                  3419620100000000021896R     M       R
0510207    00192EUR2 2221712404506281125     LIBPAIE MATHIEU RAYNAL NOVEMBRE 202
0510207    00192EUR2 2221712404506281125     LIBPAIE MATHIEU RAYNAL NOVEMBRE 202
0510207    00192EUR2 2221712404506281125     LIBEVI MATHIEU RAYNAL
0410207021400192EUR2E2221712404511281125  281125FACTURE CB                       FA872OM100000000000230}         24    D
0510207    00192EUR2 2221712404511281125     LIBPARTSLINK24    DE MUNICH
0510207    00192EUR2 2221712404511281125     LIB23 00EUR 1 EURO   1 000000
0510207    00192EUR2 2221712404511281125     LIB271125 CB****8362
0410207021400192EUR2E2221712404511281125  281125FACTURE CB                       FA875RE100000000000237}SANEF AUTOROUTEF
0510207    00192EUR2 2221712404511281125     LIBSANEF AUTOROUTEFR 60304 SENLIS
0510207    00192EUR2 2221712404511281125     LIB23 70EUR 1 EURO   1 000000
0510207    00192EUR2 2221712404511281125     LIB261125 CB****8606
0410207021400192EUR2E2221712404511281125  281125FACTURE CB                       FA875RF100000000000237}SANEF          F
0510207    00192EUR2 2221712404511281125     LIBSANEF          FR 60SENLIS
0510207    00192EUR2 2221712404511281125     LIB23 70EUR 1 EURO   1 000000
0510207    00192EUR2 2221712404511281125     LIB261125 CB****8606
0410207021400192EUR2E2221712404511281125  281125FACTURE CB                       FA875RG100000000001500}TOTAL          F
0510207    00192EUR2 2221712404511281125     LIBTOTAL          FR 95CHAUMONTEL
0510207    00192EUR2 2221712404511281125     LIB150 00EUR 1 EURO   1 000000
0510207    00192EUR2 2221712404511281125     LIB271125 CB****8606
0710207    00192EUR2 22217124045  281125                                                  0000000022514A
0110107    00215EUR2 00816052467  271125SOCIETE CIVILE DU VAL DE LOIRE                    0000000270623D
0410107003800215EUR2E0081605246711281125  281125TRANSACTION CARTE    038    000  33316580 0000000000096O
0510107    00215EUR2 0081605246711281125     LIBCREMERIE NOUVEL LE 27/11/25  CB.XXXXX1317
0510107    00215EUR2 0081605246711281125     LIBORIGINE   FRANCE            MONTANT   9 66 EUR
0410107003800215EUR2E0081605246711281125  281125TRANSACTION CARTE    038    000  33302910 0000000000194M
0510107    00215EUR2 0081605246711281125     LIBAMAZON EU SARL  LE 26/11/25  CB.XXXXX1317
0510107    00215EUR2 0081605246711281125     LIBORIGINE   FRANCE            MONTANT   19 44 EUR
0410107056800215EUR2E0081605246706281125  281125VIREMENT SEPA EMIS   568    000  90110120 0000000005000}
0510107    00215EUR2 0081605246706281125     NBESALLY DONATI
0510107    00215EUR2 0081605246706281125     LCCSALAIRE
0510107    00215EUR2 0081605246706281125     LIBBREDFRPPXXX
0410107087600215EUR2E00816052467C1281125  281125VIREMENT INST. EMIS  876    000  FE409750 0000000004000}
0510107    00215EUR2 00816052467C1281125     NBEPASCALE COHEN
0510107    00215EUR2 00816052467C1281125     LCCADMINISTRATION COURS
0510107    00215EUR2 00816052467C1281125     RCNNOTPROVIDED
0510107    00215EUR2 00816052467C1281125     LIBREVOFRP2XXX
0510107    00215EUR2 00816052467C1281125     LIB28/11/2025 17 04 31 CET
0710107    00215EUR2 00816052467  281125                                                  0000000261332D
0110207    00152EUR2 22217984733  271125SARL DERICE                      COMPTE COURANT   0000000162908E
0710207    00152EUR2 22217984733  281125                                                  0000000162908E
0110207    00004EUR2 22211642215  271125SCI DE LA RUE DEZITTER           COMPTE COURANT   0000000000000{
0710207    00004EUR2 22211642215  281125                                                  0000000000000{
0110207    00311EUR2 20219207490  271125NORTRADE INTERNATIONAL           COMPTE COURANT EN0000000049621G
0710207    00311EUR2 20219207490  281125                                                  0000000049621G
0118707    00082EUR2 32121425058  271125SAVANE & MOUSSON STREET FOOD     COMPTE COURANT   0000000017715P
0718707    00082EUR2 32121425058  281125                                                  0000000017715P
0110207    00060EUR2 24213303820  271125SOCIETE CIVILE IMMOBILIERE IREM  COMPTE COURANT   0000000922390A
0710207    00060EUR2 24213303820  281125                                                  0000000922390A
0110207    00060EUR2 24214417775  271125SCI DC                           COMPTE COURANT   0000000212549H
0710207    00060EUR2 24214417775  281125                                                  0000000212549H
0110207    00130EUR2 21213543636  271125BEAUCE TOURAINE                                   0000000023777A
0410207020600130EUR2E2121354363611281125  271125REMISE CB                        0967368000000000002367EBRUT      238 00
0510207    00130EUR2 2121354363611281125     LIBBRUT      238 00E - COM    1 25E
0510207    00130EUR2 2121354363611281125     LIB                - NB0022/119368
0510207    00130EUR2 2121354363611281125     LIBREMISE CB 5030009011
0410207020600130EUR2E2121354363611281125  271125REMISE CB                        0395217000000000000510FBRUT       51 30
0510207    00130EUR2 2121354363611281125     LIBBRUT       51 30E - COM    0 24E
0510207    00130EUR2 2121354363611281125     LIB                - NB0003/120217
0510207    00130EUR2 2121354363611281125     LIBREMISE CB 5835268015
0410207021400130EUR2E2121354363611281125  281125FACTURE CB                       FA876GR100000000000680}CHINA BAZAR    F
0510207    00130EUR2 2121354363611281125     LIBCHINA BAZAR    FR PARIS
0510207    00130EUR2 2121354363611281125     LIB68 00EUR 1 EURO   1 000000
0510207    00130EUR2 2121354363611281125     LIB261125 CB****3076
0710207    00130EUR2 21213543636  281125                                                  0000000025975B
0110207    00159EUR2 22218906510  271125AP LESAGE                        COMPTE COURANT   0000000181218F
0710207    00159EUR2 22218906510  281125                                                  0000000181218F
0110207    00159EUR2 21212959940  271125SCI DE L'ALISIER                 COMPTE COURANT   0000000385929I
0710207    00159EUR2 21212959940  281125                                                  0000000385929I
0110207    00154EUR2 22217342469  271125EL MANAR 2                       COMPTE COURANT   0000005922513B
0410207052400154EUR2E2221734246962281125  271125FRAIS/COTIS                      0011294000000000000059NXCPCB200 2025112
0510207    00154EUR2 2221734246962281125     LIBXCPCB200 2025112700011294000001
0510207    00154EUR2 2221734246962281125     LIBREF OPERATION   261125 SQSP* WEB
0510207    00154EUR2 2221734246962281125     LIBFRAIS PAIEMENT ETRANGER
0410207053700154EUR2E2221734246908281125  281125EUROPRELEVEMENT                  09WF8NZ100000000027900}
0510207    00154EUR2 2221734246908281125     LIBNEXXTSAI1601C001
0510207    00154EUR2 2221734246908281125     LIBPRLV SEPA WACANO
0410207052300154EUR2E2221734246906281125  281125EVI OCCAS CYBER                  3430524100000000039607LC1554440
0510207    00154EUR2 2221734246906281125     LIBC1554440
0510207    00154EUR2 2221734246906281125     LIBPAIE NOV 2025
0510207    00154EUR2 2221734246906281125     LIBEVI M SEBASTIEN DESAVOY
0410207052300154EUR2E2221734246906281125  281125EVI OCCAS CYBER                  3431084100000000038886NC1554440
0510207    00154EUR2 2221734246906281125     LIBC1554440
0510207    00154EUR2 2221734246906281125     LIBPAIE NOV 2025
0510207    00154EUR2 2221734246906281125     LIBEVI M MARC GLORIA
0410207052300154EUR2E2221734246906281125  281125EVI OCCAS CYBER                  3431188100000000018830OC1554440
0510207    00154EUR2 2221734246906281125     LIBC1554440
0510207    00154EUR2 2221734246906281125     LIBPAIE NOV 2025
0510207    00154EUR2 2221734246906281125     LIBEVI JENNIFER PETEIL
0410207021400154EUR2E2221734246911281125  281125FACTURE CB                       FA87286100000000000351QLEROY MERLIN SCF
0510207    00154EUR2 2221734246911281125     LIBLEROY MERLIN SCFR MONTIGNY-LES
0510207    00154EUR2 2221734246911281125     LIB35 18EUR 1 EURO   1 000000
0510207    00154EUR2 2221734246911281125     LIB271125 CB****1493
0710207    00154EUR2 22217342469  281125                                                  0000005796877E
0110207    00151EUR2 21216225274  271125EGV HOLDING                      COMPTE COURANT   0000000150488H
0410207053700151EUR2E2121622527408281125  281125EUROPRELEVEMENT                  09XBNYY100000000000289Q171-9704839-4953
0510207    00151EUR2 2121622527408281125     LIB171-9704839-4953164 AMAZON.FR 3A
0510207    00151EUR2 2121622527408281125     LIBDSEE5-S6EYJZ-MPYJ5HWNE9KJG4RCU
0510207    00151EUR2 2121622527408281125     LIBPRLV SEPA AMAZON EU SARL
0410207053700151EUR2E2121622527408281125  281125EUROPRELEVEMENT                  09XBNZZ100000000000129R171-5678801-9560
0510207    00151EUR2 2121622527408281125     LIB171-5678801-9560345 AMZN MKTP FR
0510207    00151EUR2 2121622527408281125     LIBDSEE5-S6EYJZ-MPYJ5HWNE9KJG4RCU
0510207    00151EUR2 2121622527408281125     LIBPRLV SEPA AMAZON PAYMENT
0410207004800151EUR2E2121622527402281125  011225REMISE CHEQUES                   1801158000000000000179{
0510207    00151EUR2 2121622527402281125     LIBREM CHQ  DE 1    CHEQUE(
0410207021400151EUR2E2121622527411281125  281125FACTURE CB                       FA871KQ100000000000150}WITH YIN YOGA  F
0510207    00151EUR2 2121622527411281125     LIBWITH YIN YOGA  FR SAINT HAON L
0510207    00151EUR2 2121622527411281125     LIB15 00EUR 1 EURO   1 000000
0510207    00151EUR2 2121622527411281125     LIB271125 CB****4355
0410207021400151EUR2E2121622527411281125  281125FACTURE CB                       FA871KR100000000000150}WITH YIN YOGA  F
0510207    00151EUR2 2121622527411281125     LIBWITH YIN YOGA  FR SAINT HAON L
0510207    00151EUR2 2121622527411281125     LIB15 00EUR 1 EURO   1 000000
0510207    00151EUR2 2121622527411281125     LIB271125 CB****4355
0410207021400151EUR2E2121622527411281125  281125FACTURE CB                       FA871KS100000000000150}WITH YIN YOGA  F
0510207    00151EUR2 2121622527411281125     LIBWITH YIN YOGA  FR SAINT HAON L
0510207    00151EUR2 2121622527411281125     LIB15 00EUR 1 EURO   1 000000
0510207    00151EUR2 2121622527411281125     LIB271125 CB****4355
0410207021400151EUR2E2121622527411281125  281125FACTURE CB                       FA871KT100000000000150}WITH YIN YOGA  F
0510207    00151EUR2 2121622527411281125     LIBWITH YIN YOGA  FR SAINT HAON L
0510207    00151EUR2 2121622527411281125     LIB15 00EUR 1 EURO   1 000000
0510207    00151EUR2 2121622527411281125     LIB271125 CB****4355
0710207    00151EUR2 21216225274  281125                                                  0000000149648A
0130258RLV 10000EUR2 08000268111  271125EI AIGU MELANIE                  COMPTE COURANT   0000000467265A        MT940
0430258RLV 10000EUR2E0800026811106281125  281125REM VIR SEPA JOUR DU 28/11/25    06908250 0000000068404J
0530258    10000EUR2 0800026811106281125     LIBDECOFOR-112025102305
0530258    10000EUR2 0800026811106281125     NPYDECOFOR
0530258    10000EUR2 0800026811106281125     REFDECOFOR 112025102305
0430258RLV 10000EUR2E0800026811105281125  281125VIR SEPA BDDRP                   98554321 0000000800000{
0530258    10000EUR2 0800026811105281125     LIBVRT CC DECOFOR
0530258    10000EUR2 0800026811105281125     NPYBDDRP
0530258    10000EUR2 0800026811105281125     NBEDECOFOR
0530258    10000EUR2 0800026811105281125     LCCVRT CC DECOFOR
0530258    10000EUR2 0800026811105281125     RCN945 1 VRT CC DECOFOR
0730258RLV 10000EUR2 08000268111  281125                                                  0000001198861{
0130258RLV 10000EUR2 08000268111  281125EI AIGU MELANIE                  COMPTE COURANT   0000001198861{        MT940
0430258RLV 10000EUR2E0800026811107291125  261125DEBIT          NB 0003 B 12726   78154000 0000000008386L
0730258RLV 10000EUR2 08000268111  291125                                                  0000001190474G
0110107    00284EUR2 00117067725  271125STOORM                           CCE STOORM       0000000008490H
0710107    00284EUR2 00117067725  281125                                                  0000000008490H
0110207    00152EUR2 27210183398  271125POLY                             COMPTE COURANT   0000000720660F
0710207    00152EUR2 27210183398  281125                                                  0000000720660F
0118707    00040EUR2 31721400998  271125LUCAS OPTIK                      COMPTE MUTUELLE  0000000208690B
0418707052300040EUR2E3172140099806281125  281125SEPA INTERNET                    2743086100000000018660}V           SARL
0518707    00040EUR2 3172140099806281125     LIBVIREMENT DE SARL AUTOUR DU PARFU
0518707    00040EUR2 3172140099806281125     LIBVIREMENT DE SARL AUTOUR DU PARFU
0518707    00040EUR2 3172140099806281125     LIBVIR MD FRAGRANCES
0418707054300040EUR2E3172140099809281125  281125REMISE EUROPREL                  0GKXP6P100000000008553FNOV DEC 2025 004
0518707    00040EUR2 3172140099809281125     LIBNOV DEC 2025 004
0518707    00040EUR2 3172140099809281125     LIBABSI253020000401628
0518707    00040EUR2 3172140099809281125     LIBREMISE SDD REMISE
0418707059300040EUR2E3172140099805281125  281125VIR INST                         WM2PQWV100000000002558{2  561 82389499
0518707    00040EUR2 3172140099805281125     LIB2DA561A82389499E98171D669BE3CD53
0518707    00040EUR2 3172140099805281125     LIBD2025 1688 ORTIGAS ROSAS ORDER
0518707    00040EUR2 3172140099805281125     LIBVIR INST MARIA MERCEDES
0418707050500040EUR2E3172140099805281125  281125VIREMENT SEPA                    F9T9UTB100000000003795FF     55BDXUP5DN
0518707    00040EUR2 3172140099805281125     LIBFAIRE 55BDXUP5DN
0518707    00040EUR2 3172140099805281125     LIBVIREMENT FAIRE WHOLESALE
0518707    00040EUR2 3172140099805281125     MMOEUR2000000000379560000000000000
0518707    00040EUR2 3172140099805281125     NPYFAIRE WHOLESALE B. V.
0518707    00040EUR2 3172140099805281125     NBEAUTOUR DU PARFUM/ ATELIER LEBLANC
0518707    00040EUR2 3172140099805281125     LCCFAIRE 55BDXUP5DN
0518707    00040EUR2 3172140099805281125     RCNNOTPROVIDED
0418707050500040EUR2E3172140099805281125  281125VIREMENT SEPA                    F9T9UUQ100000000002932HF     RTDWCYKEC8
0518707    00040EUR2 3172140099805281125     LIBFAIRE RTDWCYKEC8
0518707    00040EUR2 3172140099805281125     LIBVIREMENT FAIRE WHOLESALE
0518707    00040EUR2 3172140099805281125     MMOEUR2000000000293280000000000000
0518707    00040EUR2 3172140099805281125     NPYFAIRE WHOLESALE B. V.
0518707    00040EUR2 3172140099805281125     NBEAUTOUR DU PARFUM/ ATELIER LEBLANC
0518707    00040EUR2 3172140099805281125     LCCFAIRE RTDWCYKEC8
0518707    00040EUR2 3172140099805281125     RCNNOTPROVIDED
0418707050500040EUR2E3172140099805281125  281125VIREMENT SEPA                    F9T9V0F100000000002136HF     YD78CGNZQE
0518707    00040EUR2 3172140099805281125     LIBFAIRE YD78CGNZQE
0518707    00040EUR2 3172140099805281125     LIBVIREMENT FAIRE WHOLESALE
0518707    00040EUR2 3172140099805281125     MMOEUR2000000000213680000000000000
0518707    00040EUR2 3172140099805281125     NPYFAIRE WHOLESALE B. V.
0518707    00040EUR2 3172140099805281125     NBEAUTOUR DU PARFUM/ ATELIER LEBLANC
0518707    00040EUR2 3172140099805281125     LCCFAIRE YD78CGNZQE
0518707    00040EUR2 3172140099805281125     RCNNOTPROVIDED
0418707050500040EUR2E3172140099805281125  281125VIREMENT SEPA                    F9TA169100000000000408{F     6FSA8NPX87
0518707    00040EUR2 3172140099805281125     LIBFAIRE 6FSA8NPX87
0518707    00040EUR2 3172140099805281125     LIBVIREMENT FAIRE WHOLESALE
0518707    00040EUR2 3172140099805281125     MMOEUR2000000000040800000000000000
0518707    00040EUR2 3172140099805281125     NPYFAIRE WHOLESALE B. V.
0518707    00040EUR2 3172140099805281125     NBEAUTOUR DU PARFUM/ ATELIER LEBLANC
0518707    00040EUR2 3172140099805281125     LCCFAIRE 6FSA8NPX87
0518707    00040EUR2 3172140099805281125     RCNNOTPROVIDED
0418707050500040EUR2E3172140099805281125  281125VIREMENT SEPA                    F9TA16X100000000002149BF     YA9U7T9RMH
0518707    00040EUR2 3172140099805281125     LIBFAIRE YA9U7T9RMH
0518707    00040EUR2 3172140099805281125     LIBVIREMENT FAIRE WHOLESALE
0518707    00040EUR2 3172140099805281125     MMOEUR2000000000214920000000000000
0518707    00040EUR2 3172140099805281125     NPYFAIRE WHOLESALE B. V.
0518707    00040EUR2 3172140099805281125     NBEAUTOUR DU PARFUM/ ATELIER LEBLANC
0518707    00040EUR2 3172140099805281125     LCCFAIRE YA9U7T9RMH
0518707    00040EUR2 3172140099805281125     RCNNOTPROVIDED
0418707050500040EUR2E3172140099805281125  281125VIREMENT SEPA                    F9TA188100000000013709BF     H4JYR57PFC
0518707    00040EUR2 3172140099805281125     LIBFAIRE H4JYR57PFC
0518707    00040EUR2 3172140099805281125     LIBVIREMENT FAIRE WHOLESALE
0518707    00040EUR2 3172140099805281125     MMOEUR2000000001370920000000000000
0518707    00040EUR2 3172140099805281125     NPYFAIRE WHOLESALE B. V.
0518707    00040EUR2 3172140099805281125     NBEAUTOUR DU PARFUM/ ATELIER LEBLANC
0518707    00040EUR2 3172140099805281125     LCCFAIRE H4JYR57PFC
0518707    00040EUR2 3172140099805281125     RCNNOTPROVIDED
0418707050500040EUR2E3172140099805281125  281125VIREMENT SEPA                    F9TA19V100000000001972BF     ZWCCY4HHD4
0518707    00040EUR2 3172140099805281125     LIBFAIRE ZWCCY4HHD4
0518707    00040EUR2 3172140099805281125     LIBVIREMENT FAIRE WHOLESALE
0518707    00040EUR2 3172140099805281125     MMOEUR2000000000197220000000000000
0518707    00040EUR2 3172140099805281125     NPYFAIRE WHOLESALE B. V.
0518707    00040EUR2 3172140099805281125     NBEAUTOUR DU PARFUM/ ATELIER LEBLANC
0518707    00040EUR2 3172140099805281125     LCCFAIRE ZWCCY4HHD4
0518707    00040EUR2 3172140099805281125     RCNNOTPROVIDED
0418707021400040EUR2E3172140099811281125  281125FACTURE CB                       FA85W9J100000000000256OB      V       F
0518707    00040EUR2 3172140099811281125     LIBBUREAU VALLEE  FR LES CLAYES S
0518707    00040EUR2 3172140099811281125     LIB25 66EUR 1 EURO   1 000000
0518707    00040EUR2 3172140099811281125     LIB271125 CB****7903
0718707    00040EUR2 31721400998  281125                                                  0000000227989{
0110207    00197EUR2 23213287879  271125LK DEVELOPPEMENT                 COMPTE COURANT   0000000344210E
0410207050500197EUR2E2321328787905281125  281125EUROVIREMENT                     F85OTKB000000000001584{JARDIN ST-GRATIE
0510207    00197EUR2 2321328787905281125     LIBJARDIN ST-GRATIEN FA-2025-11-177
0510207    00197EUR2 2321328787905281125     LIB9
0510207    00197EUR2 2321328787905281125     LIBEVI M JEAN MICHEL SANCHE
0510207    00197EUR2 2321328787905281125     MMOEUR2000000000158400000000000000
0510207    00197EUR2 2321328787905281125     NPYM JEAN MICHEL SANCHEZ
0510207    00197EUR2 2321328787905281125     NBESAS JARDINAGE A DOMICILE EXPRESS
0510207    00197EUR2 2321328787905281125     LCCJARDIN ST-GRATIEN FA-2025-11-1779
0510207    00197EUR2 2321328787905281125     RCNZZ1JGL1X4RJFGBVRJ
0410207053700197EUR2E2321328787908281125  281125EUROPRELEVEMENT                  09XCJ0H100000000022112}DSN OCTO 2025
0510207    00197EUR2 2321328787908281125     LIBDSN OCTO 2025
0510207    00197EUR2 2321328787908281125     LIBMD15188W750008304
0510207    00197EUR2 2321328787908281125     LIBPRLV SEPA MUTUALITE SOCI
0410207050500197EUR2E2321328787905281125  281125EUROVIREMENT                     F9T9ALQ000000000002424{VRT URSSAF POUR
0510207    00197EUR2 2321328787905281125     LIBVRT URSSAF POUR FA-2025-11-1768
0510207    00197EUR2 2321328787905281125     LIBEVI URSSAF RA CESU PREST
0510207    00197EUR2 2321328787905281125     MMOEUR2000000000242400000000000000
0510207    00197EUR2 2321328787905281125     NPYURSSAF RA CESU PRESTATAIRE
0510207    00197EUR2 2321328787905281125     NBEJARDINAGE A DOMICILE EXPRESS
0510207    00197EUR2 2321328787905281125     IBESIREN
0510207    00197EUR2 2321328787905281125     LCCVRT URSSAF POUR FA-2025-11-1768
0510207    00197EUR2 2321328787905281125     RCNI0000048109075
0410207050500197EUR2E2321328787905281125  281125EUROVIREMENT                     F9T9AQK000000000002412{VRT URSSAF POUR
0510207    00197EUR2 2321328787905281125     LIBVRT URSSAF POUR FA-2025-11-1784-
0510207    00197EUR2 2321328787905281125     LIBF
0510207    00197EUR2 2321328787905281125     LIBEVI URSSAF RA CESU PREST
0510207    00197EUR2 2321328787905281125     MMOEUR2000000000241200000000000000
0510207    00197EUR2 2321328787905281125     NPYURSSAF RA CESU PRESTATAIRE
0510207    00197EUR2 2321328787905281125     NBEJARDINAGE A DOMICILE EXPRESS
0510207    00197EUR2 2321328787905281125     IBESIREN
0510207    00197EUR2 2321328787905281125     LCCVRT URSSAF POUR FA-2025-11-1784-F
0510207    00197EUR2 2321328787905281125     RCNI0000048110517
0410207050500197EUR2E2321328787905281125  281125EUROVIREMENT                     F9T9JZD000000000001392{FA-2025-11-1766
0510207    00197EUR2 2321328787905281125     LIBFA-2025-11-1766
0510207    00197EUR2 2321328787905281125     LIBEVI M     FREDERIC BIGUE
0510207    00197EUR2 2321328787905281125     MMOEUR2000000000139200000000000000
0510207    00197EUR2 2321328787905281125     NPYM     FREDERIC BIGUET
0510207    00197EUR2 2321328787905281125     NBEJADE JARD. A DOM. EXPRSS
0510207    00197EUR2 2321328787905281125     IBEJADE JARD. A DOM. EXPRSS
0510207    00197EUR2 2321328787905281125     LCCFA-2025-11-1766
0510207    00197EUR2 2321328787905281125     RCNBIGUET AUVERS
0410207021400197EUR2E2321328787911281125  281125FACTURE CB                       FA86UZZ100000000000192RINTERMARCHE MERF
0510207    00197EUR2 2321328787911281125     LIBINTERMARCHE MERFR MERY SUR OIS
0510207    00197EUR2 2321328787911281125     LIB19 29EUR 1 EURO   1 000000
0510207    00197EUR2 2321328787911281125     LIB251125 CB****6228
0410207021400197EUR2E2321328787911281125  281125FACTURE CB                       FA86RG4100000000000018}STATIONNEMENT  F
0510207    00197EUR2 2321328787911281125     LIBSTATIONNEMENT  FR 95/
0510207    00197EUR2 2321328787911281125     LIB1 80EUR 1 EURO   1 000000
0510207    00197EUR2 2321328787911281125     LIB271125 CB****0516
0710207    00197EUR2 23213287879  281125                                                  0000000329699F
0110207    00004EUR2 04004082912  271125SCI ACDB                         COMPTE COURANT   0000000000587L
0710207    00004EUR2 04004082912  281125                                                  0000000000587L
0118707    00128EUR2 31321661517  271125LK DEVELOPPEMENT                 COMPTE COURANT   0000000000000{
0718707    00128EUR2 31321661517  281125                                                  0000000000000{
0110207    00330EUR2 22218136276  271125MLE CLAIRE GUENERIN              COMPTE COURANT   0000000067978D
0710207    00330EUR2 22218136276  281125                                                  0000000067978D
0110107    00128EUR2 00413066506  271125SOCIETE CIVILE IMMOBILIERE IREM  COMPTE COURANT   0000000162394J
0410107056900128EUR2E0041306650605281125  281125VIREMENT SEPA RECU   569    000  2816192  0000000076700{
0510107    00128EUR2 0041306650605281125     NPYK.I.T. GROUP GMBH
0510107    00128EUR2 0041306650605281125     LCCKDNR 01.06.25  FA2025-084 7.670 00
0510107    00128EUR2 0041306650605281125     RCNOLPAYMENTTAN.80.25740
0510107    00128EUR2 0041306650605281125     LIBDRESDEFF100
0410107003800128EUR2E0041306650611281125  281125TRANSACTION CARTE    038    000  10002450 0000000000242R
0510107    00128EUR2 0041306650611281125     LIBLASTA.SUPP* AXP LE 27/11/25  CB.XXXXX1790
0510107    00128EUR2 0041306650611281125     LIBORIGINE   ETATS UNIS        MONTANT   27 91 USD
0510107    00128EUR2 0041306650611281125     LIB1 USD 0 87029738 EUR
0410107046500128EUR2E0041306650662281125  281125FRAIS TRANSACTION CB 465    000  10002450 0000000000007}
0510107    00128EUR2 0041306650662281125     LIBLASTA.SUPP* AXP CB.XXXXX1790
0510107    00128EUR2 0041306650662281125     LIBLE 27/11/25
0510107    00128EUR2 0041306650662281125     LIBORIGINE/DEVISE   ETATS UNIS/USD
0710107    00128EUR2 00413066506  281125                                                  0000000085944}
0110107    00228EUR2 00112062804  271125EI AIGU MELANIE                  COMPTE COURANT   0000005183230B
0410107050300228EUR2E0011206280451281125  281125VENTE TERME          503    008  44905881 0000004554978O
0710107    00228EUR2 00112062804  281125                                                  0000000628251F
0110207    00020EUR2 21213940954  271125EI EMILIE DE SOUSA               COMPTE COURANT   0000000015228Q
0410207004800020EUR2E2121394095402281125  011225REMISE CHEQUES                   1533078000000000008160{
0510207    00020EUR2 2121394095402281125     LIBREM CHQ  DE 1    CHEQUE(
0410207053700020EUR2E2121394095408281125  271125EUROPRELEVEMENT                  09X17P6100000000000024PS       BIMPLI S
0510207    00020EUR2 2121394095408281125     LIBSOCIETE BIMPLI SWILE/FACTURES 25
0510207    00020EUR2 2121394095408281125     LIBTRD0858310001
0510207    00020EUR2 2121394095408281125     LIBPRLV SEPA BIMPLI SWILE R
0710207    00020EUR2 21213940954  281125                                                  0000000007093N
0110107    00118EUR2 00324046259  271125BOUCHERIE EL MANAR               COMPTE COURANT   0000000103091H
0410107074300118EUR2E0032404625913281125  281125VIREMENT COMPENSE    743    004  0000597  0000000047000{
0510107    00118EUR2 0032404625913281125     LIBLKBREFREP
0710107    00118EUR2 00324046259  281125                                                  0000000150091H
0110207    00027EUR2 04027030455  271125JOBDOCTOR                     JOBDOCTOR SAS       0000000506878E
0710207    00027EUR2 04027030455  281125                                                  0000000506878E
0118707    00033EUR2 03321029286  271125NORTRADE INTERNATIONAL           COMPTE COURANT EN0000000436379E
0418707059300033EUR2E0332102928605281125  281125VIR INST                         WM2SQS4100000000002788EVIREMENT DE M DE
0518707    00033EUR2 0332102928605281125     LIBVIREMENT DE M DEMAILLE CHRISTOPH
0518707    00033EUR2 0332102928605281125     LIBVIREMENT DE M DEMAILLE CHRISTOPH
0518707    00033EUR2 0332102928605281125     LIBVIR INST M DEMAILLE CHRI
0418707012500033EUR2E0332102928611281125  281125PAIEMENT CARTE                   0000000100000000010829O
0418707001200033EUR2E0332102928601281125  281125CHEQUE N 0744992                 0744992100000000000177}160ARC0025033293
0518707    00033EUR2 0332102928601281125     LIB160ARC002503329310638387  1600
0518707    00033EUR2 0332102928601281125     LIB0220000050255459202530003
0718707    00033EUR2 03321029286  281125                                                  0000000428161D