0117515RLV 90000EUR2 08014551451  021225LE KIOSQUE                       COMPTE COURANT   0000000472981{        DATALYS
0417515RLV 90000EUR2E0801455145130031225  021225CB L ETINCELLE       021225      01932251 0000000002184{
0517515    90000EUR2 0801455145130031225     LIBCONTRAT 8948394     REM 193225
0417515RLV 90000EUR2E0801455145130031225  021225CB L ETINCELLE       021225      01987341 0000000009864{
0517515    90000EUR2 0801455145130031225     LIBCONTRAT 8948395     REM 198734
0417515RLV 90000EUR2E0801455145162031225  021225*CB COM L ETINCELLE 021225       02594471 0000000000007O
0517515    90000EUR2 0801455145162031225     LIBCONTRAT 8948394 REM 193225
0417515RLV 90000EUR2E0801455145162031225  021225*CB COM L ETINCELLE 021225       02672811 0000000000061O
0517515    90000EUR2 0801455145162031225     LIBCONTRAT 8948395 REM 198734
0417515RLV 90000EUR2E08014551451B1031225  031225*EDI232309029GAVROCHE DISTRIBUT  34043981 0000000002793O
0517515    90000EUR2 08014551451B1031225     LIB*EDI232309029GAVROCHE DISTRIBUT
0517515    90000EUR2 08014551451B1031225     NPYL ETINCELLE
0517515    90000EUR2 08014551451B1031225     RCN2025 11 24/0001666/3/7
0517515    90000EUR2 08014551451B1031225     RUMEDI232309029RU0000012              RCUR
0517515    90000EUR2 08014551451B1031225     CPYFR7617515900000801455154191
0517515    90000EUR2 08014551451B1031225     NBEGAVROCHE DISTRIBUTION
0517515    90000EUR2 08014551451B1031225     IBEFR66ZZZ806C68                      SEPA
0417515RLV 90000EUR2E0801455145105031225  031225VIR SEPA REGLEMENT AFFILIES BIM  48361521 0000000000238{
0517515    90000EUR2 0801455145105031225     LIBNIT TRD 2070755 01122025 01
0517515    90000EUR2 0801455145105031225     NPYREGLEMENT AFFILIES BIMPLI TR
0517515    90000EUR2 0801455145105031225     NBECAFE BRASSERIE L ETINCELLE
0517515    90000EUR2 0801455145105031225     LCCNIT TRD 2070755 01122025 01
0517515    90000EUR2 0801455145105031225     RCN01/12/2025 NIT RBTMONETIQUE   10094
0717515RLV 90000EUR2 08014551451  031225                                                  0000000482404B
0118206    00105EUR2 65033000202  021225SC DIOT INVEST                   COMPTE COURANT   0000000012978{  232
0718206    00105EUR2 65033000202  031225        ------------------------------            0000000012978{
0118206    00124EUR2 65037811300  021225IMMO'CONSTAT                     COMPTE COURANT   0000000408909G  232
0718206    00124EUR2 65037811300  031225        ------------------------------            0000000408909G
0118206    00223EUR2 22392051005  021225MENILLET COURTAGE                COMPTE COURANT   0000000181838H  232
0718206    00223EUR2 22392051005  031225        ------------------------------            0000000181838H
0118206    00062EUR2 65036460558  021225NORTRADE INTERNATIONAL           COMPTE COURANT   0000000164334A  232
0418206007500062EUR2E6503646055808021225  051225ASSU. CAAE PRET PROFESSION.12/2  0000000100000000000043N
0418206002600062EUR2E65036460558C1031225  031225VIR INST VERS MATHIAS CONSTANT   0000000000000000016500}
0518206    00062EUR2 65036460558C1031225     NPYE.U.R.L. SKY LIFT SERVICES
0518206    00062EUR2 65036460558C1031225     NBEMATHIAS CONSTANT
0518206    00062EUR2 65036460558C1031225     RCNCOMPLEMENT PAIE NOVEMBRE
0518206    00062EUR2 65036460558C1031225     REF                                   D76D836656484588A0B829AC58A10F93
0518206    00062EUR2 65036460558C1031225     CBEFR7616218000014012118606182
0418206002600062EUR2E6503646055806031225  031225WEB ZOBER BELMAZOUZ              0000000000000000005000}
0518206    00062EUR2 6503646055806031225     NPYE.U.R.L. SKY LIFT SERVICES
0518206    00062EUR2 6503646055806031225     NBEZOBER BELMAZOUZ
0518206    00062EUR2 6503646055806031225     LIBAGRIFRPP882
0518206    00062EUR2 6503646055806031225     MMOEUR200000000050000
0518206    00062EUR2 6503646055806031225     CBEFR7618206000626503581592361
0418206000000062EUR2E65036460558C2031225  031225VIR INST DE SCR SOUSA            0000000100000000002760{
0518206    00062EUR2 65036460558C2031225     NPYSCR SOUSA
0518206    00062EUR2 65036460558C2031225     NBESKY LIFT SERVICES
0518206    00062EUR2 65036460558C2031225     RCNSKYLIFT
0518206    00062EUR2 65036460558C2031225     REF                                   8CB232D5E4F346DFB57D8E7AC1F201D7
0518206    00062EUR2 65036460558C2031225     CBEFR7618206000626503646855028
0718206    00062EUR2 65036460558  031225                                                  0000000145550F
0130056    00919EUR2 09190006784  021225MS ST FRAMBOURG                  COMPTE COURANT   0000000097565{
043005600V100919EUR2 0919000678406031225  031225VIREMENT SEPA EMIS    YCO8 0094  08009480 0000000012584N
0530056    00919EUR2 0919000678406031225     NPYMORINGA PARTNERSHIP
0530056    00919EUR2 0919000678406031225     IPYFRHBFRCC919013177M*OP*NS
0530056    00919EUR2 0919000678406031225     LIBREM TELETRANSMIS DE 1 OPE
0530056    00919EUR2 0919000678406031225     REF01037BJ00V70
043005600V100919EUR2 0919000678406031225  031225VIREMENT SEPA EMIS    YCO2 0098  02009860 0000000034713K
0530056    00919EUR2 0919000678406031225     NPYMORINGA PARTNERSHIP
0530056    00919EUR2 0919000678406031225     IPYFRHBFRCC919013177M*OP*NS
0530056    00919EUR2 0919000678406031225     NBEBUSINESS FRANCE
0530056    00919EUR2 0919000678406031225     IBE                                   SEPA
0530056    00919EUR2 0919000678406031225     RCNNOT PROVIDED
0530056    00919EUR2 0919000678406031225     REF47627BJ001U20001
0530056    00919EUR2 0919000678406031225     CBEFR7610071750000000100001826
0730056    00919EUR2 09190006784  031225                                                  0000000050267C
0113106    00500EUR2 30038108790  021225APOLLO SAS                       COMPTE COURANT   0000000074172I  232
0413106007500500EUR2E3003810879008021225  051225ASSU. CAAE PRET PROFESSION.12/2  0000000100000000000294L
0713106    00500EUR2 30038108790  031225                                                  0000000073878F
0117515RLV 00092EUR2 08003348579  021225EGV HOLDING                      COMPTE COURANT   0000001247901F        DATALYS
0717515RLV 00092EUR2 08003348579  031225                                                  0000001247901F
0120041    01012EUR2 4044316330L  021225SIVASOORIYALINGAM SIVALOGINI     COMPTE COURANT   0000000079613A
0420041714101012EUR2E4044316330L02031225  031225REMISE DE CHEQUE N  0137912      01379121 0000000005500{
0520041    01012EUR2 4044316330L02031225     MMOEUR200000000055000
0520041    01012EUR2 4044316330L02031225     LIBDE            BP AURA
0720041    01012EUR2 4044316330L  031225                                                  0000000085113A0000000000000{
0117515RLV 90000EUR2 08017729424  021225GROUPE EMON                      COMPTE COURANT   0000000336819M        DATALYS
0417515RLV 90000EUR2E0801772942430031225  031225CB INAYA BEAUTE      021225      01253791 0000000001607{
0517515    90000EUR2 0801772942430031225     LIBCONTRAT 8035589     REM 125379
0417515RLV 90000EUR2E0801772942430031225  031225CB INAYA BEAUTE      021225      01267071 0000000013822{
0517515    90000EUR2 0801772942430031225     LIBCONTRAT 8035590     REM 126707
0417515RLV 90000EUR2E0801772942462031225  031225*CB COM INAYA BEAUTE 021225      19066851 0000000000007L
0517515    90000EUR2 0801772942462031225     LIBCONTRAT 8035589 REM 125379
0417515RLV 90000EUR2E0801772942462031225  031225*CB COM INAYA BEAUTE 021225      19149261 0000000000063M
0517515    90000EUR2 0801772942462031225     LIBCONTRAT 8035590 REM 126707
0717515RLV 90000EUR2 08017729424  031225                                                  0000000321461J
0117515RLV 00600EUR2 08002583491  021225JOURDIN STEPHANE                                  0000001850340F        DATALYS
0417515RLV 00600EUR2E0800258349106031225  031225FRENKIAN ASSUR GENERALI AT0268   66981150 0000000016578J
0517515    00600EUR2 0800258349106031225     LIBVERS 30003 03980 00026500029 47
0417515RLV 00600EUR2E0800258349106031225  031225FRENKIAN 1411 FOIE GRAS          79153620 0000000003346}
0517515    00600EUR2 0800258349106031225     LIBVERS 13306 00921 02170400000 76
0417515RLV 00600EUR2E0800258349106031225  031225VIR INST KARINE POUSSEROT        19264481 0000000033239O
0517515    00600EUR2 0800258349106031225     LIB2533722I10037575          25337J
0517515    00600EUR2 0800258349106031225     NPYFRENKIAN AVOCATS
0517515    00600EUR2 0800258349106031225     NBEKARINE POUSSEROT
0517515    00600EUR2 0800258349106031225     LCCSOLDE PAIE POUSSEROT NOV 25
0517515    00600EUR2 0800258349106031225     RCNSOLDE PAIE POUSSEROT NOV 25
0517515    00600EUR2 0800258349106031225     REF                                   2533722I10037575CEN2025 12 03IP
0417515RLV 00600EUR2E0800258349106031225  031225VIR INST CLEMENTINE GLORIA       53613991 0000000049620}
0517515    00600EUR2 0800258349106031225     LIB2533722I10038074          25337J
0517515    00600EUR2 0800258349106031225     NPYFRENKIAN AVOCATS
0517515    00600EUR2 0800258349106031225     NBECLEMENTINE GLORIA
0517515    00600EUR2 0800258349106031225     LCCRETRO GLORIA NOV 25
0517515    00600EUR2 0800258349106031225     RCNRETRO GLORIA NOV 25
0517515    00600EUR2 0800258349106031225     REF                                   2533722I10038074CEN2025 12 03IP
0417515RLV 00600EUR2E0800258349106031225  031225VIR INST HUGO HUMBERT-DROZ       27985531 0000000003899O
0517515    00600EUR2 0800258349106031225     LIB2533722I10035936          25337J
0517515    00600EUR2 0800258349106031225     NPYFRENKIAN AVOCATS
0517515    00600EUR2 0800258349106031225     NBEHUGO HUMBERT DROZ
0517515    00600EUR2 0800258349106031225     LCCPAIE HUGO HUMBERT NOV 25
0517515    00600EUR2 0800258349106031225     RCNPAIE HUGO HUMBERT NOV 25
0517515    00600EUR2 0800258349106031225     REF                                   2533722I10035936CEN2025 12 03IP
0417515RLV 00600EUR2E0800258349106031225  031225VIR INST PANGANIBAN DENNIS       23796211 0000000011276O
0517515    00600EUR2 0800258349106031225     LIB2533722I10036413          25337J
0517515    00600EUR2 0800258349106031225     NPYFRENKIAN AVOCATS
0517515    00600EUR2 0800258349106031225     NBEPANGANIBAN DENNIS
0517515    00600EUR2 0800258349106031225     LCCPAIE DENNIS PANGANIBAN NOV 25
0517515    00600EUR2 0800258349106031225     RCNPAIE DENNIS PANGANIBAN NOV 25
0517515    00600EUR2 0800258349106031225     REF                                   2533722I10036413CEN2025 12 03IP
0417515RLV 00600EUR2E0800258349106031225  031225VIR INST YVES CHEUNG AVOCAT      95893471 0000000060888}
0517515    00600EUR2 0800258349106031225     LIB2533722I10043894          25337K
0517515    00600EUR2 0800258349106031225     NPYFRENKIAN AVOCATS
0517515    00600EUR2 0800258349106031225     NBEYVES CHEUNG AVOCAT
0517515    00600EUR2 0800258349106031225     LCCRETRO CHEUNG NOV 25 F2025 11
0517515    00600EUR2 0800258349106031225     RCNRETRO CHEUNG NOV 25 F2025 11
0517515    00600EUR2 0800258349106031225     REF                                   2533722I10043894CEN2025 12 03IP
0417515RLV 00600EUR2E0800258349128031225  031225CB PICARD 860      FACT 011225   34210020 0000000000074}
0517515    00600EUR2 0800258349128031225     LIBMADAME JADIS VIRGINIE
0417515RLV 00600EUR2E0800258349108031225  031225VIR SEPA DIANE CHIREZ            92002720 0000000074108}
0517515    00600EUR2 0800258349108031225     LIBRETRO CHIREZ NOV 25 F45
0417515RLV 00600EUR2E0800258349108031225  031225VIR SEPA JESSICA MASSET AVOCAT   91855530 0000000102074Q
0517515    00600EUR2 0800258349108031225     LIBRETRO MASSET NOV 25 F251101
0717515RLV 00600EUR2 08002583491  031225                                                  0000001495235I
0118206    00336EUR2 65074825889  021225APOLLO SAS                       COMPTE COURANT   0000000124802H  232
0718206    00336EUR2 65074825889  031225        ------------------------------            0000000124802H
0118206    00218EUR2 60283003857  021225NORTRADE INTERNATIONAL           COMPTE COURANT EN0000001126432D  232
0418206000000218EUR2E6028300385705031225  031225VIR CAISSE PREVOYANCE ET RETRAI  2259646100000000000321F
0518206    00218EUR2 6028300385705031225     NPYCAISSE PREVOYANCE ET RETRAITE PERS FERRO
0518206    00218EUR2 6028300385705031225     NBEMARION GOURSON
0518206    00218EUR2 6028300385705031225     NPOCPR
0518206    00218EUR2 6028300385705031225     LCCCP MANDAT 20251127          95703362
0518206    00218EUR2 6028300385705031225     RCNMJ252259646
0518206    00218EUR2 6028300385705031225     LIBBSUIFRPPXXX
0518206    00218EUR2 6028300385705031225     MMOEUR200000000003216
0418206000000218EUR2E6028300385705031225  031225VIR CETIP CETIP 000189-95703362  7033624100000000001252G
0518206    00218EUR2 6028300385705031225     NPYCETIP CETIP
0518206    00218EUR2 6028300385705031225     NBEMARION GOURSON
0518206    00218EUR2 6028300385705031225     LCCTP-20251203-SPSANT              -957033624-0000476776-8385-
0518206    00218EUR2 6028300385705031225     RCN000189-957033624
0518206    00218EUR2 6028300385705031225     LIBCCFRFRPPXXX
0518206    00218EUR2 6028300385705031225     MMOEUR200000000012527
0418206000000218EUR2E6028300385705031225  031225VIR CETIP CETIP 000189-95703362  7033624100000000000086{
0518206    00218EUR2 6028300385705031225     NPYCETIP CETIP
0518206    00218EUR2 6028300385705031225     NBEMARION GOURSON
0518206    00218EUR2 6028300385705031225     LCCTP-20251203-ISANTE              -957033624-0000476776-8385-
0518206    00218EUR2 6028300385705031225     RCN000189-957033624
0518206    00218EUR2 6028300385705031225     LIBCCFRFRPPXXX
0518206    00218EUR2 6028300385705031225     MMOEUR200000000000860
0418206002600218EUR2E6028300385706031225  031225WEB MARION GOURSON PAIE          0000000100000000050000}
0518206    00218EUR2 6028300385706031225     NPYMADAME   GOURSON MARION
0518206    00218EUR2 6028300385706031225     NBEMARION GOURSON
0518206    00218EUR2 6028300385706031225     RCNPAIE
0518206    00218EUR2 6028300385706031225     LIBAGRIFRPP882
0518206    00218EUR2 6028300385706031225     MMOEUR200000000500000
0518206    00218EUR2 6028300385706031225     CBEFR7618206002180976069400174
0418206002600218EUR2E60283003857C1031225  031225VIR INST VERS IMENE ASMAHANE BE  0000000000000000011903}
0518206    00218EUR2 60283003857C1031225     NPYMADAME GOURSON MARION
0518206    00218EUR2 60283003857C1031225     NBEIMENE ASMAHANE BENYEKKOU
0518206    00218EUR2 60283003857C1031225     RCNRETROS HONORAIRES
0518206    00218EUR2 60283003857C1031225     REF                                   9FBA5FC3F9664351857595C229EA67AA
0518206    00218EUR2 60283003857C1031225     CBEFR7630004015730000124562289
0418206000000218EUR2E60283003857C2031225  031225VIR INST DE MLLE LEA CLAUDE      0000000100000000039323B
0518206    00218EUR2 60283003857C2031225     NPYMLLE LEA CLAUDE
0518206    00218EUR2 60283003857C2031225     NBEMARION GOURSON
0518206    00218EUR2 60283003857C2031225     LCCRETRO NOVEMBRE 2025 CLAUDE
0518206    00218EUR2 60283003857C2031225     REF                                   F57325877B924B04A810925989E1ECAC
0518206    00218EUR2 60283003857C2031225     CBEFR7618206002186028300758385
0418206000000218EUR2E6028300385705031225  031225VIR RELYENS SPS RELYENSSPS-TRIG  0000000100000000001549H
0518206    00218EUR2 6028300385705031225     NPYRELYENS SPS
0518206    00218EUR2 6028300385705031225     NBEGOURSON MARION
0518206    00218EUR2 6028300385705031225     LCCRELYENSSPS-TRIGUEIROS LUCIA-17.10.2025
0518206    00218EUR2 6028300385705031225     RCNRELYENSSPS-TRIGUEIROS L-17.10.2025
0518206    00218EUR2 6028300385705031225     LIBCMCIFRPPXXX
0518206    00218EUR2 6028300385705031225     MMOEUR200000000015498
0418206000000218EUR2E6028300385705031225  031225VIR HENNER GMC D478068295        8068295100000000000188G
0518206    00218EUR2 6028300385705031225     NPYHENNER GMC
0518206    00218EUR2 6028300385705031225     NBEMARION GOURSON
0518206    00218EUR2 6028300385705031225     LCCTP-20251128-HENNER-957033624 -0075949776-8385-
0518206    00218EUR2 6028300385705031225     RCND478068295
0518206    00218EUR2 6028300385705031225     LIBCCBPFRPPMTG
0518206    00218EUR2 6028300385705031225     MMOEUR200000000001887
0418206000000218EUR2E6028300385705031225  031225VIR MUTUELLE LA CHOLETAISE OPE-  5803103100000000000180A
0518206    00218EUR2 6028300385705031225     NPYMUTUELLE LA CHOLETAISE
0518206    00218EUR2 6028300385705031225     NBEMARION GOURSO
0518206    00218EUR2 6028300385705031225     LCCTP-20251202-MLC-957033624-0315519231-8385
0518206    00218EUR2 6028300385705031225     RCNOPE-03122025-0923-63522-5803103
0518206    00218EUR2 6028300385705031225     LIBAGRIFRPP879
0518206    00218EUR2 6028300385705031225     MMOEUR200000000001801
0418206000000218EUR2E6028300385705031225  031225VIR MUTUALITE SOCIALE AGRICOLE   2751000100000000000257E
0518206    00218EUR2 6028300385705031225     NPYMUTUALITE SOCIALE AGRICOLE D ILE DE FRANCE
0518206    00218EUR2 6028300385705031225     NBEMARION GOURSON
0518206    00218EUR2 6028300385705031225     NPOMUTUALITE SOCIALE AGRICOLE D ILE DE FRANCE
0518206    00218EUR2 6028300385705031225     LCC2025120100000095703362 02751000
0518206    00218EUR2 6028300385705031225     RCN2025120100000095703362 02751000
0518206    00218EUR2 6028300385705031225     LIBCMCIFRPPCOR
0518206    00218EUR2 6028300385705031225     MMOEUR200000000002575
0718206    00218EUR2 60283003857  031225                                                  0000001107689{
0118206    00336EUR2 65076692184  021225CSE STOKOMANI OEUVRES SOCIALES   COMPTE COURANT   0000000034104H  232
0718206    00336EUR2 65076692184  031225        ------------------------------            0000000034104H
0118206    00336EUR2 65043988559  021225CABALOI                          COMPTE COURANT   0000000001063G  232
0718206    00336EUR2 65043988559  031225        ------------------------------            0000000001063G
0118206    00143EUR2 65086554825  021225LK DEVELOPPEMENT                 COMPTE COURANT   0000000067481H  232
0418206007500143EUR2E6508655482508021225  051225ASSU. CAAE PRET PROFESSION.12/2  0000000100000000000217Q
0418206000000143EUR2E6508655482505031225  031225VIR SAVANE   MOUSSON RESTAURANT  0000000100000000002073C
0518206    00143EUR2 6508655482505031225     NPYSAVANE   MOUSSON RESTAURANT 1
0518206    00143EUR2 6508655482505031225     NBESAVANE   MOUSSON RESTAURANT 1
0518206    00143EUR2 6508655482505031225     LCCTRANSFERT YAVIN 1078772 - TOTAL ENCAISSE 209.0 EUROS - SAVANE MOUSSON
0518206    00143EUR2 6508655482505031225     LC2RESTAURANT 1
0518206    00143EUR2 6508655482505031225     LIBGAILFRP1XXX
0518206    00143EUR2 6508655482505031225     MMOEUR200000000020733
0718206    00143EUR2 65086554825  031225                                                  0000000069337C
0117515RLV 00092EUR2 08500979125  021225SCI CLALEX                                        0000000039985{        DATALYS
0417515RLV 00092EUR2E0850097912505031225  031225VIR SEPA CPAM DU VAL D OISE      87080131 0000000049480{
0517515    00092EUR2 0850097912505031225     LIB0000009510988543108500251202
0517515    00092EUR2 0850097912505031225     NPYCPAM DU VAL D OISE
0517515    00092EUR2 0850097912505031225     IPY0
0517515    00092EUR2 0850097912505031225     NBETRACQ LAURENCE
0517515    00092EUR2 0850097912505031225     LCC0000009510988543108500251202
0517515    00092EUR2 0850097912505031225     RCN0000009510988543108500251202
0417515RLV 00092EUR2E0850097912505031225  031225VIR SEPA MUTUALITE SOCIALE AGRI  66162361 0000000000300{
0517515    00092EUR2 0850097912505031225     LIB2025120100000095109885 02751000
0517515    00092EUR2 0850097912505031225     NPYMUTUALITE SOCIALE AGRICOLE D ILE DE FRANCE
0517515    00092EUR2 0850097912505031225     IPY31080225100028
0517515    00092EUR2 0850097912505031225     NBEDR TRACQ LAURENCE
0517515    00092EUR2 0850097912505031225     NPOMUTUALITE SOCIALE AGRICOLE D ILE DE FRANCE
0517515    00092EUR2 0850097912505031225     IPO31080225100028
0517515    00092EUR2 0850097912505031225     LCC2025120100000095109885 02751000
0517515    00092EUR2 0850097912505031225     RCN2025120100000095109885 02751000
0717515RLV 00092EUR2 08500979125  031225                                                  0000000089765{
0117515RLV 90000EUR2 08021024047  021225GEOBATI                          COMPTE COURANT   0000000597038D        DATALYS
0417515RLV 90000EUR2E0802102404762031225  031225* CE NET 00001 RLV CPTE SOUSC    86377891 0000000000220}
0417515RLV 90000EUR2E0802102404762031225  031225* OPTION CANAL CENET E-TRANSF.   86198901 0000000000200}
0417515RLV 90000EUR2E0802102404762031225  031225* OPTION CANAL CENET E-SAISIE    86307001 0000000000260}
0417515RLV 90000EUR2E0802102404762031225  031225* 0000015 OPE RLV XML VIR RECU   86458481 0000000000006}
0717515RLV 90000EUR2 08021024047  031225                                                  0000000596352D
0117515RLV 90000EUR2 08021206729  021225SCI DE L'ALISIER                 COMPTE COURANT   0000000028980B        DATALYS
0417515RLV 90000EUR2E0802120672906031225  031225VIREMENT VERS ALEXANDRU GUZINC   37192650 0000000037397P
0517515    90000EUR2 0802120672906031225     LIBVERS 17515 90000 04275495571 22
0417515RLV 90000EUR2E0802120672906031225  031225VIREMENT VERS ALEXANDRU PRO      26941930 0000000030988P
0517515    90000EUR2 0802120672906031225     LIBVERS 17515 00600 08004268632 77
0417515RLV 90000EUR2E0802120672906031225  031225VIREMENT VERS DO NASCIMENTO OL   80256710 0000000036674R
0517515    90000EUR2 0802120672906031225     LIBVERS 30004 00291 00000552415 54
0417515RLV 90000EUR2E0802120672906031225  031225VIREMENT VERS M OU MME GUZINCO   44733120 0000000124855N
0517515    90000EUR2 0802120672906031225     LIBVERS 17515 90000 04153387022 28
0417515RLV 90000EUR2E0802120672905031225  031225VIR SEPA SAS   BUILD UP IMMO1    60073411 0000000200000{
0517515    90000EUR2 0802120672905031225     NPYSAS   BUILD UP IMMO1
0517515    90000EUR2 0802120672905031225     NBEAGP RENOVATION
0517515    90000EUR2 0802120672905031225     RCN5EME ACOMPTE SURELEVATION FAC 20240
0717515RLV 90000EUR2 08021206729  031225                                                  0000000000936O
0117515RLV 90000EUR2 08017015374  021225SNC LEITE 95                     SNC LEITE 95     0000000101830B        DATALYS
0417515RLV 90000EUR2E0801701537405031225  031225VIR SEPA REGLEMENT AFFILIES BIM  55587061 0000000000659B
0517515    90000EUR2 0801701537405031225     LIBNIT TRD 2114296 01122025 01
0517515    90000EUR2 0801701537405031225     NPYREGLEMENT AFFILIES BIMPLI TR
0517515    90000EUR2 0801701537405031225     NBESAVANE ET MOUSSON
0517515    90000EUR2 0801701537405031225     LCCNIT TRD 2114296 01122025 01
0517515    90000EUR2 0801701537405031225     RCN01/12/2025 NIT RBTMONETIQUE   9094
0417515RLV 90000EUR2E0801701537405031225  031225VIR SEPA SAVANE ET MOUSSON STRE  02570701 0000000007802I
0517515    90000EUR2 0801701537405031225     LIBTRANSFERT YAVIN 1078935   TOTAL
0517515    90000EUR2 0801701537405031225     NPYSAVANE ET MOUSSON STREET FOOD
0517515    90000EUR2 0801701537405031225     NBESAVANE   MOUSSON HOLDING
0517515    90000EUR2 0801701537405031225     LCCTRANSFERT YAVIN 1078935   TOTAL ENCAISSE 789.1 EUROS   SAVANE MOUSSON
0517515    90000EUR2 0801701537405031225     LC2STREET FOOD
0517515    90000EUR2 0801701537405031225     RCNNOTPROVIDED
0417515RLV 90000EUR2E0801701537405031225  031225VIR SEPA SWILE                   68026301 0000000000532A
0517515    90000EUR2 0801701537405031225     NPYSWILE
0517515    90000EUR2 0801701537405031225     IPYFR67824012173
0517515    90000EUR2 0801701537405031225     NBESASU SAVANE ET MOUSSON STREET FOOD
0517515    90000EUR2 0801701537405031225     RCNSWILE TRANSFER 52187 8059294
0717515RLV 90000EUR2 08017015374  031225                                                  0000000110824D
0117515RLV 00600EUR2 08001136395  021225INAYA BEAUTY                     COMPTE COURANT   0000000793800H        DATALYS
0717515RLV 00600EUR2 08001136395  031225                                                  0000000793800H
0142559RLV 10000EUR2 08010694197  021225COMBAT AVOCATS                Compte courant Comb 0000000192261GE0086066
0442559RLV 10000EUR2E0801069419762031225  031225* Coop ccess Ech Opt Caution     94938791 0000000000260}
0442559RLV 10000EUR2E0801069419762031225  031225* 0000020 opE RLV compte         94620631 0000000000016}
0742559RLV 10000EUR2 08010694197  031225                                                  0000000191985G
0142559RLV 10000EUR2 08011534940  021225SCI LES PETITS PRES              COMPTE COURANT   0000000131281I80008475
0442559RLV 10000EUR2E0801153494062031225  031225* Abo Coop ccess Comptes         49022561 0000000000160}
0742559RLV 10000EUR2 08011534940  031225                                                  0000000131121I
0118206    00199EUR2 65092259646  021225CABALOI                          COMPTE COURANT   0000000900000{  232
0718206    00199EUR2 65092259646  031225        ------------------------------            0000000900000{
0118206    00062EUR2 60270106618  021225ELEKTROMENAGER BZH                                0000000012679F  232
0718206    00062EUR2 60270106618  031225        ------------------------------            0000000012679F
0118206    00439EUR2 65042754191  021225M&P                              COMPTE COURANT   0000000007284{  232
0418206007500439EUR2E6504275419108021225  051225ASSU. CAAE PRET PROFESSION.12/2  0000000100000000000198K
0418206000000439EUR2E6504275419105031225  031225VIR EXPRIME                      0000000100000000014600{
0518206    00439EUR2 6504275419105031225     NPYEXPRIME
0518206    00439EUR2 6504275419105031225     NBEEURL EXPRIME
0518206    00439EUR2 6504275419105031225     LCCREMBOURSEMENT PGE
0518206    00439EUR2 6504275419105031225     LIBCRLYFRPPXXX
0518206    00439EUR2 6504275419105031225     MMOEUR200000000146000
0718206    00439EUR2 65042754191  031225                                                  0000000021685H
0118206    00158EUR2 65016065960  021225SIVASOORIYALINGAM SIVALOGINI     COMPTE COURANT   0000000465432E  232
0418206005200158EUR2E6501606596011031225  031225CARTE X8885 LA PLATEFORME NANTE  0000000000000000006384}
0418206005200158EUR2E6501606596011031225  031225CARTE X8885 STATIONNEMENT CL CL  0000000000000000000050}
0418206005200158EUR2E6501606596011031225  031225CARTE X8885 STATIONNEMENT CL CL  0000000000000000000050}
0418206005200158EUR2E6501606596011031225  031225CARTE X8885 STATTELPAYBYPHON 75  0000000000000000000015}
0718206    00158EUR2 65016065960  031225                                                  0000000458933E
0118206    00143EUR2 65071923581  021225RENAUD MARYVONNE                                  0000000255670F  232
0418206007500143EUR2E6507192358108021225  051225ASSU. CAAE PRET PROFESSION.12/2  0000000100000000000355O
0418206000000143EUR2E6507192358105031225  031225VIR A.P.F. APF-FAC20251202-1394  0000000100000000012193B
0518206    00143EUR2 6507192358105031225     NPYA.P.F.
0518206    00143EUR2 6507192358105031225     NBESAVANE ET MOUSSON
0518206    00143EUR2 6507192358105031225     LCCFNT-RECPTION VOEUX 2026
0518206    00143EUR2 6507192358105031225     RCNAPF-FAC20251202-1394 ACOMPTE 30
0518206    00143EUR2 6507192358105031225     LIBSOGEFRPP
0518206    00143EUR2 6507192358105031225     MMOEUR200000000121932
0418206000000143EUR2E6507192358105031225  031225VIR SWILE SWILE TRANSFER-60121-  8062236100000000000220G
0518206    00143EUR2 6507192358105031225     NPYSWILE
0518206    00143EUR2 6507192358105031225     IPYFR67824012173                      TAXIDNB
0518206    00143EUR2 6507192358105031225     NBESAS SAVANE ET MOUSSON
0518206    00143EUR2 6507192358105031225     RCNSWILE TRANSFER-60121-8062236
0518206    00143EUR2 6507192358105031225     LIBBNPAFRPPXXX
0518206    00143EUR2 6507192358105031225     MMOEUR200000000002207
0418206005200143EUR2E6507192358111031225  031225CARTE X9808 TEACHIZY.FR 75013 P  0000000000000000000059K
0418206005200143EUR2E6507192358111031225  031225CARTE X9808 TEACHIZY.FR 75013 P  0000000000000000000059}
0418206005200143EUR2E6507192358111031225  031225CARTE X4639 FORCE7WEB-FULLE 341  0000000000000000001314}
0418206002600143EUR2E65071923581C1031225  031225VIR INST VERS JULIEN DOAN TRADE  0000000000000000000144}
0518206    00143EUR2 65071923581C1031225     NPYS.A.S. SAVANE   MOUSSON
0518206    00143EUR2 65071923581C1031225     NBEJULIEN DOAN TRADE REP
0518206    00143EUR2 65071923581C1031225     RCNWAFFLE FACTORY
0518206    00143EUR2 65071923581C1031225     REF                                   713E1CDC1BEA4BB1AA0541C6EECBCBA6
0518206    00143EUR2 65071923581C1031225     CBEFR7631233123450038151081145
0418206000000143EUR2E6507192358105031225  031225VIR SERHR ORFEA VIR SAVANE MOUS  0000000100000000002673{
0518206    00143EUR2 6507192358105031225     NPYSERHR ORFEA
0518206    00143EUR2 6507192358105031225     NBESAVANE   MOUSSON
0518206    00143EUR2 6507192358105031225     LCCSERHR EXPLOITATION
0518206    00143EUR2 6507192358105031225     RCNVIR SAVANE   MOUSSON - SEMINAIRE DU
0518206    00143EUR2 6507192358105031225     LIBCMCIFR2AXXX
0518206    00143EUR2 6507192358105031225     MMOEUR200000000026730
0418206002600143EUR2E65071923581C1031225  031225VIR INST VERS ADJA KHOUMBA TIME  0000000000000000000873L
0518206    00143EUR2 65071923581C1031225     NPYS.A.S. SAVANE   MOUSSON
0518206    00143EUR2 65071923581C1031225     NBEADJA KHOUMBA TIMERA
0518206    00143EUR2 65071923581C1031225     RCNMETRO
0518206    00143EUR2 65071923581C1031225     REF                                   56C63F9290B84DC3A042D0C3B87F4CF7
0518206    00143EUR2 65071923581C1031225     CBEFR7630004021960000036037728
0718206    00143EUR2 65071923581  031225                                                  0000000267952D
0118206    00022EUR2 50807491006  021225FRENKIAN AVOCATS                 COMPTE COURANT   0000000005177C  232
0418206007500022EUR2E5080749100608021225  051225ASSU. CNP PRET PROFESSION. 12/2  0000000100000000000259}
0718206    00022EUR2 50807491006  031225                                                  0000000004918C
0118206    00372EUR2 60272850420  021225EIRL M ZHANG MARC                COMPTE COURANT   0000000003925B  232
0418206000000372EUR2E6027285042005031225  031225VIR CPAM DU VAL D OISE 00000095  0251202100000000001304F
0518206    00372EUR2 6027285042005031225     NPYCPAM DU VAL D OISE
0518206    00372EUR2 6027285042005031225     NBELYNA OPTIC
0518206    00372EUR2 6027285042005031225     LCC0000009526649363358500251202
0518206    00372EUR2 6027285042005031225     RCN0000009526649363358500251202
0518206    00372EUR2 6027285042005031225     LIBBREDFRPPXXX
0518206    00372EUR2 6027285042005031225     MMOEUR200000000013046
0718206    00372EUR2 60272850420  031225                                                  0000000005229H
0118206    00105EUR2 65028723527  021225BEAUCE TOURAINE                                   0000000003591{  232
0418206007500105EUR2E6502872352708021225  051225ASSU. CAAE PRET PROFESSION.12/2  0000000100000000000719N
0718206    00105EUR2 65028723527  031225                                                  0000000002871E
0118206    00470EUR2 65094246886  021225SCI AMICHI DERACHE               COMPTE COURANT   0000000052682H  232
0718206    00470EUR2 65094246886  031225        ------------------------------            0000000052682H
0118206    00022EUR2 65044800570  021225TECHNIQUES ET NORMES DE COUVERT  COMPTE COURANT   0000000761339E  232
0418206007500022EUR2E6504480057008021225  051225ASSU. CAAE PRET PROFESSION.12/2  0000000100000000000270P
0418206000000022EUR2E6504480057005031225  031225VIR MME NATHALIE VIENNE 0320253  0000001100000000007502C
0518206    00022EUR2 6504480057005031225     NPYMME NATHALIE VIENNE
0518206    00022EUR2 6504480057005031225     NBEGARAGE GOSSET
0518206    00022EUR2 6504480057005031225     LCCFACTURE 2025001285
0518206    00022EUR2 6504480057005031225     RCN032025335198594100000001
0518206    00022EUR2 6504480057005031225     LIBSOGEFRPP
0518206    00022EUR2 6504480057005031225     MMOEUR200000000075023
0418206000400022EUR2E6504480057030031225  031225CARTE 1891095 001 042242 03/12   0000000100000000000750{
0418206005800022EUR2E6504480057062031225  031225CARTE 1891095 001 042242 03/12   0000000100000000000003Q
0418206000400022EUR2E6504480057030031225  031225CARTE 1891094 001 042093 03/12   0000000100000000003753G
0418206005800022EUR2E6504480057062031225  031225CARTE 1891094 001 042093 03/12   0000000100000000000018Q
0418206000000022EUR2E6504480057005031225  031225REVISION DUSTER M.       PARMEN  0000000100000000002065B
0518206    00022EUR2 6504480057005031225     NPYM.       PARMENTIER CEDRIC
0518206    00022EUR2 6504480057005031225     NBESAS GARAGE GOSSET
0518206    00022EUR2 6504480057005031225     RCNREVISION DUSTER
0518206    00022EUR2 6504480057005031225     LIBAGRIFRPP882
0518206    00022EUR2 6504480057005031225     MMOEUR200000000020652
0518206    00022EUR2 6504480057005031225     CBEFR7618206000226504480075055
0418206000000022EUR2E6504480057005031225  031225VIR MARSH SAS FRAAVE 000426001   0426001100000000018080E
0518206    00022EUR2 6504480057005031225     NPYMARSH SAS
0518206    00022EUR2 6504480057005031225     NBEGOSSET
0518206    00022EUR2 6504480057005031225     LCC2025001310
0518206    00022EUR2 6504480057005031225     RCNFRAAVE 000426001
0518206    00022EUR2 6504480057005031225     LIBCCFRFRPPXXX
0518206    00022EUR2 6504480057005031225     MMOEUR200000000180805
0418206000000022EUR2E65044800570C2031225  031225VIR INST DE M VIEL STEPHANE OU   0000000100000000010402D
0518206    00022EUR2 65044800570C2031225     NPYM VIEL STEPHANE OU MME SILVANO C
0518206    00022EUR2 65044800570C2031225     NBESAS GARAGE GOSSET
0518206    00022EUR2 65044800570C2031225     LCCVIREMENT DE M VIEL STEPHANE OU MME SILVANO C
0518206    00022EUR2 65044800570C2031225     RCNVIREMENT DE M VIEL STEPHANE OU MME
0518206    00022EUR2 65044800570C2031225     REF38000000103E530007000000404D5347   12C5A727B75B40C9BA53D941FCE4FE0B
0518206    00022EUR2 65044800570C2031225     CBEFR7618206000226504480075055
0418206002100022EUR2E6504480057007031225  031225EFFET DOMICILIES                 00     000000000002196}
0718206    00022EUR2 65044800570  031225                                                  0000000801404C
0118206    00190EUR2 19262511002  021225ARGIOS                           COMPTE COURANT   0000000003168}  232
0418206007500190EUR2E1926251100208021225  051225ASSU. CNP PRET PROFESSION. 12/2  0000000100000000000012O
0418206007500190EUR2E1926251100208021225  051225ASSU. CAAE PRET PROFESSION.12/2  0000000100000000000065N
0418206000400190EUR2E1926251100230031225  031225CARTE 1490334 001 934303 02/12   0000000100000000002712{
0418206005800190EUR2E1926251100262031225  031225CARTE 1490334 001 934303 02/12   0000000100000000000013K
0418206000400190EUR2E1926251100230031225  031225CARTE 0124784 001 934286 02/12   0000000100000000000110E
0418206005800190EUR2E1926251100262031225  031225CARTE 0124784 001 934286 02/12   0000000100000000000000O
0718206    00190EUR2 19262511002  031225                                                  0000000000437M
0118206    00071EUR2 58605761009  021225SARL AGENCE DIAG EXPERT          COMPTE COURANT   0000000018814G  232
0718206    00071EUR2 58605761009  031225        ------------------------------            0000000018814G
0118206    00241EUR2 65062591136  021225ETABLISSEMENTS LAMY              COMPTE COURANT   0000000003207L  232
0718206    00241EUR2 65062591136  031225        ------------------------------            0000000003207L
0130056    00012EUR2 00120081919  021225BCP SARL                                          0000009029166I
043005600UO00012EUR2 0012008191968031225  031225MODIF UTILIS. CREDOC  E255 0000  5 000041 0000000002050}
0530056    00012EUR2 0012008191968031225     LIBIMP BILL AMEND. CHARGES
0530056    00012EUR2 0012008191968031225     LIBBR PRT107543TT3
0530056    00012EUR2 0012008191968031225     LIBDC TT3679373
043005600JA00012EUR2 0012008191962031225  031225FRAIS VIREMENT SEPA   ZVP1 0185  1 018531 0000000000001N
0530056    00012EUR2 0012008191962031225     LIBVIREMENT EMIS
0530056    00012EUR2 0012008191962031225     LIBLE 02/12/25 1 OPE
043005600JA00012EUR2 0012008191962031225  031225FRAIS VIREMENT SEPA   ZVP1 0185  1 018551 0000000000020}
0530056    00012EUR2 0012008191962031225     LIBREMISE VIREMENT EMIS
0530056    00012EUR2 0012008191962031225     LIBLE 02/12/25 1 OPE
0730056    00012EUR2 00120081919  031225                                                  0000009027095D
0118206    00465EUR2 65096286684  021225CHOUFFEUR ANTONY                                  0000000445067C  232
0418206005200465EUR2E6509628668411031225  031225CARTE X1549 A LA MERE DE FAMILL  0000000000000000000696}
0718206    00465EUR2 65096286684  031225                                                  0000000444371C
0118206    00336EUR2 65047249361  021225RUBIS SUR L'ONGLE                COMPTE COURANT   0000000483177D  232
0418206005000336EUR2E65047249361B1031225  031225APST BTP RP                      0000000000000000001656}
0518206    00336EUR2 65047249361B1031225     NBEAPST BTP RP
0518206    00336EUR2 65047249361B1031225     IBEFR42ZZZ564861                      SEPA
0518206    00336EUR2 65047249361B1031225     NPY0027239 ETABLISSEMENTS BLIVET
0518206    00336EUR2 65047249361B1031225     REF303498851                          T253360000483753
0518206    00336EUR2 65047249361B1031225     LCCFACTURE A-2510-22F2
0518206    00336EUR2 65047249361B1031225     RUMAPST-ADH-0027239-001               RCUR
0518206    00336EUR2 65047249361B1031225     CPYFR7618206003366504724163958
0418206005000336EUR2E65047249361B1031225  031225APST BTP RP                      0000000000000000001200}
0518206    00336EUR2 65047249361B1031225     NBEAPST BTP RP
0518206    00336EUR2 65047249361B1031225     IBEFR42ZZZ564861                      SEPA
0518206    00336EUR2 65047249361B1031225     NPY0027239 ETABLISSEMENTS BLIVET
0518206    00336EUR2 65047249361B1031225     REF303498851                          T253360000484002
0518206    00336EUR2 65047249361B1031225     LCCFACTURE A-2510-14C7
0518206    00336EUR2 65047249361B1031225     RUMAPST-ADH-0027239-001               RCUR
0518206    00336EUR2 65047249361B1031225     CPYFR7618206003366504724163958
0418206000000336EUR2E6504724936105031225  031225VIR MR OU MME ALAIN SOISSON FA2  2025890100000000047787I
0518206    00336EUR2 6504724936105031225     NPYMR OU MME ALAIN SOISSON
0518206    00336EUR2 6504724936105031225     NBEBLIVET PLOMBIER
0518206    00336EUR2 6504724936105031225     LCCDOUCHE
0518206    00336EUR2 6504724936105031225     RCNFA2025890
0518206    00336EUR2 6504724936105031225     LIBCRLYFRPPXXX
0518206    00336EUR2 6504724936105031225     MMOEUR200000000477879
0418206004400336EUR2E6504724936101031225  031225CHEQUE NO 5421124                5421124000000000007260}
0418206004400336EUR2E6504724936101031225  031225CHEQUE NO 5421125                5421125000000000005400}
0418206000000336EUR2E65047249361C2031225  031225VIR INST DE FRELAT MARC OU FLOR  0000000100000000011129D
0518206    00336EUR2 65047249361C2031225     NPYFRELAT MARC OU FLORENCE
0518206    00336EUR2 65047249361C2031225     NBEETABLISSEMENT ROBERT BLIVET
0518206    00336EUR2 65047249361C2031225     LCCFAC 2025 916
0518206    00336EUR2 65047249361C2031225     RCNLOUREIRO FRELAT FA2025 916
0518206    00336EUR2 65047249361C2031225     REF                                   2DF69976E4344D1DA2EC7F02B2020774
0518206    00336EUR2 65047249361C2031225     CBEFR7618206003366504724163958
0418206004400336EUR2E6504724936101031225  031225CHEQUE NO 5421128                5421128000000000003000}
0718206    00336EUR2 65047249361  031225                                                  0000000523578G
0117515RLV 90000EUR2 08008619394  021225LK DEVELOPPEMENT                 COMPTE COURANT   0000000268308G        DATALYS
0717515RLV 90000EUR2 08008619394  031225                                                  0000000268308G
0117515RLV 00092EUR2 08001932592  02122501TE012782                 TE                     0000000344545{        DATALYS
0417515RLV 00092EUR2E0800193259202031225  041225REMISE CHEQUES N  0000460        00004601 0000000097933{
0517515    00092EUR2 0800193259202031225     LIBREMIS LE 03/12/2025  ERMONT CENT
0717515RLV 00092EUR2 08001932592  031225                                                  0000000442478{
0117515RLV 90000EUR2 08018493590  021225PHI & AL                         COMPTE COURANT   0000000651133}        DATALYS
0417515RLV 90000EUR2E0801849359018031225  031225VIR INST GROUPE H2O BORDEAUX     71648041 0000000016020G
0517515    90000EUR2 0801849359018031225     LIB2533722I40115585          25337P
0517515    90000EUR2 0801849359018031225     NPYGROUPE H2O BORDEAUX
0517515    90000EUR2 0801849359018031225     NBEPREVENTECH
0517515    90000EUR2 0801849359018031225     LCCRETOUR DE FONDS DE LOPERATION 215508313   PESIN ASSOCIE
0517515    90000EUR2 0801849359018031225     RCN00ZCQMIQ3VSNP
0517515    90000EUR2 0801849359018031225     REF                                   +KVIOP583707829226TE
0417515RLV 90000EUR2E0801849359006031225  0312251764782639590                    34200640 0000000044100}
0517515    90000EUR2 0801849359006031225     LIBVERS 30004 03375 00007847562 53
0417515RLV 90000EUR2E0801849359006031225  0312251764782855038                    60640150 0000000068000}
0517515    90000EUR2 0801849359006031225     LIBVERS 40031 00001 0000475736D 39
0417515RLV 90000EUR2E0801849359005031225  031225VIR SEPA FAMI LIMITED            95505751 0000000255816{
0517515    90000EUR2 0801849359005031225     LIBC004719939 FB2290
0517515    90000EUR2 0801849359005031225     NPYFAMI LIMITED
0517515    90000EUR2 0801849359005031225     NBEPREVENTECH FORMATION SARL
0517515    90000EUR2 0801849359005031225     NPOMEUBLES IKEA FRANCE SAS
0517515    90000EUR2 0801849359005031225     IPO1310
0517515    90000EUR2 0801849359005031225     LCCC004719939 FB2290
0517515    90000EUR2 0801849359005031225     RCNC004719939
0417515RLV 90000EUR2E0801849359005031225  031225VIR SEPA LA LIGUE PARIS          69330581 0000000009360{
0517515    90000EUR2 0801849359005031225     LIB43801566100046
0517515    90000EUR2 0801849359005031225     NPYLA LIGUE PARIS
0517515    90000EUR2 0801849359005031225     NBEPREVENTECH
0517515    90000EUR2 0801849359005031225     IBE43801566100046
0517515    90000EUR2 0801849359005031225     LCCS.A.R.L. PREVENTECH 11 2025
0517515    90000EUR2 0801849359005031225     RCNFB2406
0717515RLV 90000EUR2 08018493590  031225                                                  0000000482036L
0117515RLV 90000EUR2 08013694024  021225BEAUCE TOURAINE                                   0000000112869F        DATALYS
0717515RLV 90000EUR2 08013694024  031225                                                  0000000112869F
0117515RLV 90000EUR2 08018230447  021225SAS NOOSA PIZZA   SERVAIS INGRID COMPTE COURANT   0000000103157P        DATALYS
0417515RLV 90000EUR2E0801823044706031225  031225VIREMENT VERS FIDEL FILLAUD      20898810 0000000037459R
0517515    90000EUR2 0801823044706031225     LIBVERS 30047 14121 00020047301 80
0417515RLV 90000EUR2E0801823044706031225  031225VIREMENT VERS SCI A MATHINN      05475690 0000000050000}
0517515    90000EUR2 0801823044706031225     LIBVERS 17515 90000 08017818017 88
0717515RLV 90000EUR2 08018230447  031225                                                  0000000190617O
0117515RLV 90000EUR2 08013460708  021225AU COEUR DES BEBES MAISON MEDICA COMPTE COURANT   0000000030520{        DATALYS
0417515RLV 90000EUR2E0801346070804031225  021225DEPOT ESPECE GAB 9940819 031225  81330041 0000000003000{
0517515    90000EUR2 0801346070804031225     LIBME CAMBEFORT RAYMONDE                         N
0417515RLV 90000EUR2E0801346070804031225  031225DEPOT ESPECE GAB 9940819 031225  81330041 0000000010500{
0517515    90000EUR2 0801346070804031225     LIBME CAMBEFORT RAYMONDE
0417515RLV 90000EUR2E0801346070828031225  031225CB SOCIETE GENERAL               81330040 0000000003000}
0517515    90000EUR2 0801346070828031225     LIBME CAMBEFORT RAYMONDE
0417515RLV 90000EUR2E0801346070830031225  031225CB JCR               021225      01128351 0000000003240{
0517515    90000EUR2 0801346070830031225     LIBCONTRAT 8929767     REM 112835
0417515RLV 90000EUR2E0801346070830031225  031225CB JCR               021225      01145371 0000000001040{
0517515    90000EUR2 0801346070830031225     LIBCONTRAT 8929768     REM 114537
0417515RLV 90000EUR2E0801346070862031225  031225*CB COM JCR 021225               20704941 0000000000010O
0517515    90000EUR2 0801346070862031225     LIBCONTRAT 8929767 REM 112835
0417515RLV 90000EUR2E0801346070862031225  031225*CB COM JCR 021225               20816911 0000000000003N
0517515    90000EUR2 0801346070862031225     LIBCONTRAT 8929768 REM 114537
0717515RLV 90000EUR2 08013460708  031225                                                  0000000045285I
0117515RLV 00092EUR2 08003123617  021225CM MARECHALERIE                  COMPTE COURANT   0000000073106J        DATALYS
0717515RLV 00092EUR2 08003123617  031225                                                  0000000073106J
0142559RLV 10000EUR2 08011491103  021225PLOMBERIE PLISSON                COMPTE COURANT   0000000071450A80008475
0442559RLV 10000EUR2E0801149110328031225  031225CB OVH SAS         FACT 011225   91500070 0000000000191Q
0542559    10000EUR2 0801149110328031225     LIBM LEMIALE OCTAVE
0442559RLV 10000EUR2E08011491103B1031225  031225*FR42ZZZ45738Navigo Annuel - CO  23076691 0000000000888}
0542559    10000EUR2 08011491103B1031225     LIB*FR42ZZZ45738Navigo Annuel   CO
0542559    10000EUR2 08011491103B1031225     NPYOCTAVE LEMIALE
0542559    10000EUR2 08011491103B1031225     LCCNavigo Annuel
0542559    10000EUR2 08011491103B1031225     RCN3/50213102922231/968668474
0542559    10000EUR2 08011491103B1031225     RUMFR42ZZZ45738550213102922231040061  RCUR
0542559    10000EUR2 08011491103B1031225     CPYFR7642559100000801149301126
0542559    10000EUR2 08011491103B1031225     NBENavigo Annuel   COMUTITRES SAS
0542559    10000EUR2 08011491103B1031225     IBEFR42ZZZ457385                      SEPA
0442559RLV 10000EUR2E0801149110306031225  031225VIR SEPA SELASU CASUBOLO BUREAU  40779420 0000000010000}
0542559    10000EUR2 0801149110306031225     LIBLOYER GRANDE ARMEE
0742559RLV 10000EUR2 08011491103  031225                                                  0000000060370C
0142559RLV 10000EUR2 08024599481  021225JOURDIN STEPHANE                                  0000000002225J80008475
0742559RLV 10000EUR2 08024599481  031225                                                  0000000002225J
0118206    00336EUR2 65054347585  021225BOUCHERIE EL MANAR               COMPTE COURANT   0000000500031R  232
0718206    00336EUR2 65054347585  031225        ------------------------------            0000000500031R
0118206    00071EUR2 55230701005  021225SCI CAMPUS                       COMPTE COURANT   0000000010735F  232
0718206    00071EUR2 55230701005  031225        ------------------------------            0000000010735F
0118206    00199EUR2 65092250481  021225SCP MBA                          COMPTE COURANT   0000001151613I  232
0418206005200199EUR2E6509225048111031225  031225CARTE X9449 ANACOFI COURTAG PAR  0000000000000000000300}
0418206005200199EUR2E6509225048111031225  031225CARTE X9449 ANACOFI PARIS 9      0000000000000000003000}
0418206002600199EUR2E65092250481C1031225  031225VIR INST VERS VERSPIEREN         0000000000000000005600}
0518206    00199EUR2 65092250481C1031225     NPYS.A.S. GROUP INVEST - IMMO PARTNERS
0518206    00199EUR2 65092250481C1031225     NBEVERSPIEREN
0518206    00199EUR2 65092250481C1031225     LCC310186 APPEL DE PRIME
0518206    00199EUR2 65092250481C1031225     RCNAPPEL DE PRIME 2025 - 310186
0518206    00199EUR2 65092250481C1031225     REF                                   EF759ECA0A8F43C1959305A0B25B1DAD
0518206    00199EUR2 65092250481C1031225     CBEFR7630004008280001621205476
0418206002600199EUR2E65092250481C1031225  031225VIR INST VERS ABEL ANTONY        0000000000000000118020}
0518206    00199EUR2 65092250481C1031225     NPYS.A.S. GROUP INVEST - IMMO PARTNERS
0518206    00199EUR2 65092250481C1031225     NBEABEL ANTONY
0518206    00199EUR2 65092250481C1031225     LCCFACTURE GUELORCHET
0518206    00199EUR2 65092250481C1031225     RCNFACTURE 2025-N35 GUELORGET
0518206    00199EUR2 65092250481C1031225     REF                                   C4DA9EA4FCB340BDA5035A146C755FA1
0518206    00199EUR2 65092250481C1031225     CBEFR7640618804940004024069290
0418206002600199EUR2E65092250481C1031225  031225VIR INST VERS JEAN CHRISTOPHE Y  0000000000000000067419Q
0518206    00199EUR2 65092250481C1031225     NPYS.A.S. GROUP INVEST - IMMO PARTNERS
0518206    00199EUR2 65092250481C1031225     NBEJEAN CHRISTOPHE YALAP
0518206    00199EUR2 65092250481C1031225     LCCJCY-08
0518206    00199EUR2 65092250481C1031225     RCNJCY-08 LOUMOUAMOU
0518206    00199EUR2 65092250481C1031225     REF                                   F19F06C2E15844ED84B70A12AE23EAFF
0518206    00199EUR2 65092250481C1031225     CBEFR7617515900000422888060714
0418206005200199EUR2E6509225048111031225  031225CARTE X7899 RESTAURANT DE LA EN  0000000000000000000105}
0718206    00199EUR2 65092250481  031225                                                  0000000957169A
0118206    00001EUR2 60284220495  021225SCI DC                           COMPTE COURANT   0000000410536H  232
0718206    00001EUR2 60284220495  031225        ------------------------------            0000000410536H
0118206    00336EUR2 65057314469  021225SCI DE L'ATELIER                 COMPTE COURANT   0000000004720I  232
0418206007500336EUR2E6505731446908021225  051225ASSU. CAAE PRET PROFESSION.12/2  0000000100000000000611N
0718206    00336EUR2 65057314469  031225                                                  0000000004109D
0118206    00022EUR2 65039247084  021225GHTE22600                                         0000000003457A  232
0418206002200022EUR2E6503924708472031225  03122500001025244 03/12/25 INTERETS    0000000100000000002829P
0418206002200022EUR2E6503924708472031225  03122500001025244 03/12/25 CAPITAL     0000000100000000000627M
0418206007500022EUR2E6503924708408021225  051225ASSU. CNP PRET PROFESSION. 12/2  0000000100000000001523K
0718206    00022EUR2 65039247084  031225                                                  0000000001523K
0118206    00336EUR2 65043859212  021225SC AJC CONSEILS                  COMPTE COURANT   0000000044069E  232
0718206    00336EUR2 65043859212  031225        ------------------------------            0000000044069E
0118206    00218EUR2 65020066508  021225SARL MM AMENAGEMENT              COMPTE COURANT   0000000644342D  232
0418206005000218EUR2E65020066508B1031225  031225GOOGLE IRELAND LIMITED           0000000000000000005000}
0518206    00218EUR2 65020066508B1031225     NBEGOOGLE IRELAND LIMITED
0518206    00218EUR2 65020066508B1031225     IBEIE19ZZZ361694                      SEPA
0518206    00218EUR2 65020066508B1031225     NPYSAS CA ISOL
0518206    00218EUR2 65020066508B1031225     REF303422223                          CITISEPA011225000941310022891
0518206    00218EUR2 65020066508B1031225     LCCADWORDS 7701162315 GG10470I9C
0518206    00218EUR2 65020066508B1031225     RUM30523887                           RCUR
0518206    00218EUR2 65020066508B1031225     CPYFR7618206002186502006805691
0418206005000218EUR2E65020066508B1031225  031225REGARD ENCAISSEMENTS             0000000000000000016254}
0518206    00218EUR2 65020066508B1031225     NBEREGARD   ENCAISSEMENTS
0518206    00218EUR2 65020066508B1031225     IBEFR27ZZZ546119                      SEPA
0518206    00218EUR2 65020066508B1031225     NPYCA ISOL
0518206    00218EUR2 65020066508B1031225     REF303503519                          30459/20251129/790
0518206    00218EUR2 65020066508B1031225     LCCFMS-WEP-10744-00790
0518206    00218EUR2 65020066508B1031225     RUMSOC27223                           RCUR
0518206    00218EUR2 65020066508B1031225     CPYFR7618206002186502006805691
0418206000000218EUR2E6502006650805031225  031225VIR M S LAURENT OU MLE C TRAVER  0000000100000000028000{
0518206    00218EUR2 6502006650805031225     NPYM S LAURENT OU MLE C TRAVER GARC
0518206    00218EUR2 6502006650805031225     NBECA ISOL
0518206    00218EUR2 6502006650805031225     LCCACOMPTE DEVIS N03503C
0518206    00218EUR2 6502006650805031225     RCNACOMPTE DEVIS N03503C
0518206    00218EUR2 6502006650805031225     LIBCMCIFRPPXXX
0518206    00218EUR2 6502006650805031225     MMOEUR200000000280000
0718206    00218EUR2 65020066508  031225                                                  0000000651088D
0111706    00020EUR2 54163961000  021225SCI DC                           COMPTE COURANT   0000000018960B  232
0711706    00020EUR2 54163961000  031225        ------------------------------            0000000018960B
0118206    00336EUR2 65046995544  021225DOCTEUR AUDREY MARQUET           COMPTE COURANT   0000000001313K  232
0418206007500336EUR2E6504699554408021225  051225ASSU. CAAE PRET PROFESSION.12/2  0000000100000000000036P
0718206    00336EUR2 65046995544  031225                                                  0000000001349R
0118206    00355EUR2 65088123372  021225COMBAT AVOCATS                Compte courant Comb 0000001000995F  232
0418206005000355EUR2E65088123372B1031225  031225KINTO FRANCE-KINTO FRANCE SAS    0000000000000000009718M
0518206    00355EUR2 65088123372B1031225     NBEKINTO FRANCE-KINTO FRANCE SAS
0518206    00355EUR2 65088123372B1031225     IBEFR38ZZZ8618BA                      SEPA
0518206    00355EUR2 65088123372B1031225     NPYARAUPAS
0518206    00355EUR2 65088123372B1031225     REF303561665
0518206    00355EUR2 65088123372B1031225     LCCSAB26/00146047
0518206    00355EUR2 65088123372B1031225     RUMTFM6143286001                      RCUR
0518206    00355EUR2 65088123372B1031225     CPYFR7618206003556508812273390
0418206005200355EUR2E6508812337211031225  031225CARTE X1702 CERTAS ESSOF218 EAU  0000000000000000000685J
0418206005200355EUR2E6508812337211031225  031225CARTE X3605 CERTAS ESSOF187 FRA  0000000000000000000098P
0418206000400355EUR2E6508812337230031225  031225CARTE 3068323 001 039752 03/12   0000000100000000006500{
0418206005800355EUR2E6508812337262031225  031225CARTE 3068323 001 039752 03/12   0000000100000000000016K
0418206000400355EUR2E6508812337230031225  031225CARTE 3068315 001 035125 03/12   0000000100000000012200{
0418206005800355EUR2E6508812337262031225  031225CARTE 3068315 001 035125 03/12   0000000100000000000034}
0418206004400355EUR2E6508812337201031225  031225CHEQUE NO 5291474                5291474000000000008400}
0718206    00355EUR2 65088123372  031225                                                  0000001000743B
0130056    00911USD2 09110008157  021225PHI & AL                         COMPTE COURANT   0000000136830I
0730056    00911USD2 09110008157  031225                                                  0000000136830I
0130056    00038EUR2 00380063428  021225ELEKTROMENAGER BZH                                0000000347902D
043005600HY00038EUR2 00380063428B1031225  031225PRLV SEPA RECU RCUR   YDI3 0085  03008510 0000000005407J
0530056    00038EUR2 00380063428B1031225     NPYWORLDWIDE OPTICAL CABLE SERVICES W
0530056    00038EUR2 00380063428B1031225     NBEENTORIA
0530056    00038EUR2 00380063428B1031225     IBEFR02ZZZ862D34                      SEPA
0530056    00038EUR2 00380063428B1031225     RUM  A00541243                        RCUR
0530056    00038EUR2 00380063428B1031225     CPYFR7630056000380038006824304
0530056    00038EUR2 00380063428B1031225     LCCENTORIA 01/12/25 - 31/12/25
0530056    00038EUR2 00380063428B1031225     RCN0008599117
0730056    00038EUR2 00380063428  031225                                                  0000000342495C
0114806    00097EUR2 72041518440  021225ETABLISSEMENTS LAMY              COMPTE COURANT   0000001884814C  232
0414806007500097EUR2E7204151844008021225  051225ASSU. CAAE PRET HABITAT 12/25    0000000100000000001721M
0414806000000097EUR2E72041518440C2031225  031225VIR INST DE M LEU MATHIEU        0000000100000000005000{
0514806    00097EUR2 72041518440C2031225     NPYM LEU MATHIEU
0514806    00097EUR2 72041518440C2031225     NBESAS COOLIVING
0514806    00097EUR2 72041518440C2031225     LCCVIREMENT DE M LEU MATHIEU
0514806    00097EUR2 72041518440C2031225     RCNLOYER DECEMBRE 25
0514806    00097EUR2 72041518440C2031225     REF13000000FB605F0005000000404D5347   F7C486E3C17D45EFA4FC6F72F6A3D91D
0514806    00097EUR2 72041518440C2031225     CBEFR7614806000977204151044811
0714806    00097EUR2 72041518440  031225                                                  0000001888092I
0117515RLV 00600EUR2 08003333357  021225AGP RENOVATION                   COMPTE COURANT   0000000006974}        DATALYS
0717515RLV 00600EUR2 08003333357  031225                                                  0000000006974}
0117515RLV 90000EUR2 08019757108  021225SCI MID PASSEL                   COMPTE COURANT   0000000054182O        DATALYS
0417515RLV 90000EUR2E0801975710830031225  021225CB L INSTANT T       021225      01001241 0000000000530{
0517515    90000EUR2 0801975710830031225     LIBCONTRAT 8086509     REM 100124
0417515RLV 90000EUR2E0801975710830031225  021225CB L INSTANT T       021225      01967681 0000000014679I
0517515    90000EUR2 0801975710830031225     LIBCONTRAT 8086510     REM 196768
0417515RLV 90000EUR2E0801975710862031225  021225*CB COM L INSTANT T 021225       86164191 0000000000001O
0517515    90000EUR2 0801975710862031225     LIBCONTRAT 8086509 REM 100124
0417515RLV 90000EUR2E0801975710862031225  021225*CB COM L INSTANT T 021225       86233031 0000000000046Q
0517515    90000EUR2 0801975710862031225     LIBCONTRAT 8086510 REM 196768
0417515RLV 90000EUR2E0801975710804031225  031225DPT VRAC ESP 0005864012  031225  96900061 0000000020000{
0517515    90000EUR2 0801975710804031225     LIBMME LEITE DE OLIVEIRA MARIA
0417515RLV 90000EUR2E08019757108B2031225  031225*000000081351LOGISTA FRANCE LOG  56606640 0000000030972L
0517515    90000EUR2 08019757108B2031225     LIB*000000081351LOGISTA FRANCE LOG
0517515    90000EUR2 08019757108B2031225     NPYSNC LEITE 95
0517515    90000EUR2 08019757108B2031225     LCC/INV/CAC CC 28.11.2025/INV/DEP. CR 28.11.2025
0517515    90000EUR2 08019757108B2031225     RCN242255 8690301445                  OTHR
0517515    90000EUR2 08019757108B2031225     RUM000000081351                       RCUR
0517515    90000EUR2 08019757108B2031225     CPYFR7617515900000801975801788
0517515    90000EUR2 08019757108B2031225     NBELOGISTA FRANCE LOGISTA FRANCE
0517515    90000EUR2 08019757108B2031225     IBEFR45ZZZ414457                      SEPA
0717515RLV 90000EUR2 08019757108  031225                                                  0000000049993M