0130003    00715EUR2 00120084832  031225DECOFOR                          DECOFOR S.A.S    0000000001929D
0730003    00715EUR2 00120084832  041225                                                  0000000001929D
0130003    00712EUR2 00020517463  031225GHM                              COMPTE COURANT   0000000045925H
0730003    00712EUR2 00020517463  041225                                                  0000000045925H
0130003    00745EUR2 00020674748  031225CAPCARRERE                       COMPTE COURANT   0000000361148H
0430003501000745EUR2 00020674748C204122500041225SUMUP PID1447SUMUP LIMITED       19224520 0000000001169B583881922452
0530003    00745EUR2 00020674748C2041225     NPYSUMUP LIMITED
0530003    00745EUR2 00020674748C2041225     LCCSUMUP PID1447854 PAYOUT 041225
0530003    00745EUR2 00020674748C2041225     RCN1823119697
0530003    00745EUR2 00020674748C2041225     PDODE ALLEMAGNE
0430003661000745EUR2 000206747482804122500041225CARTE X4990 03/12 MP*DAC CORA    00010000 0000000000692J
0730003    00745EUR2 00020674748  041225                                                  0000000361625I
0130003    02944EUR2 00020077878  031225SCI DE L'ALISIER                 COMPTE COURANT   0000000000005}
0730003    02944EUR2 00020077878  041225                                                  0000000000005}
0130003    00741EUR2 00020166712  031225EMON RESTAURANT DU LAC B         COMPTE COURANT   0000000449357H
0430003073000741EUR2 00020166712300412250004122503/12 R63643 CT3948294502        00636430 0000000005909IREMISE CB /
0530003    00741EUR2 0002016671230041225     LIBBT       593 60E COM     2 61E
0430003073000741EUR2 00020166712300412250004122503/12 R63476 CT3948294501        00634760 0000000001460DREMISE CB /
0530003    00741EUR2 0002016671230041225     LIBBT       146 80E COM     0 76E
0430003219000741EUR2 000201667121804122500041225FACTURE 813CLSGC GARGES          00000000 0000000003040{6487500846S
0530003    00741EUR2 0002016671218041225     NPYSGC GARGES
0530003    00741EUR2 0002016671218041225     NPOVEMARS
0530003    00741EUR2 0002016671218041225     LCCFACTURE 813CLESVEMARS
0530003    00741EUR2 0002016671218041225     RCN1609510502230002122025-1717
0430003442000741EUR2 00020166712B204122500041225TVA1-112025-3DGFIP IMPOT         18402900 0000000034050}6311840290
0530003    00741EUR2 00020166712B2041225     NBUDGFIP IMPOT
0530003    00741EUR2 00020166712B2041225     IBEFR46ZZZ005002
0530003    00741EUR2 00020166712B2041225     LCCTVA1-112025-3310CA3
0530003    00741EUR2 00020166712B2041225     RCN220600640800120506145
0730003    00741EUR2 00020166712  041225                                                  0000000425718A
0130003    02944EUR2 00020031538  03122501TE012782                 TE                     0000000203689G
0430003432002944EUR2 00020031538B104122500041225VEN/25/078041REGICOM             27808800 0000000000828}6402780880
0530003    02944EUR2 00020031538B1041225     NBEREGICOM
0530003    02944EUR2 00020031538B1041225     IBEFR33ZZZ582192
0530003    02944EUR2 00020031538B1041225     LCCVEN/25/078041/53
0530003    02944EUR2 00020031538B1041225     RCN2031843
0730003    02944EUR2 00020031538  041225                                                  0000000202861G
0130003    00718EUR2 00020520298  031225DOCTEUR AUDREY MARQUET           COMPTE COURANT   0000000032343J
0430003662000718EUR2 000205202982804122500041225CARTE X1685 03/12 GOOGLE ONE     00010000 0000000000199R
0530003    00718EUR2 0002052029828041225     LIB19 99 EUR IRLANDE
0530003    00718EUR2 0002052029828041225     LIBCOMMERCE ELECTRONIQUE
0730003    00718EUR2 00020520298  041225                                                  0000000032543}
0130003    02946EUR2 00020012279  031225THOMAS FRUCHART FLEURISTE        COMPTE COURANT   0000000000497E
0430003376002946EUR2 000200122790204122500051225REMISE CHEQUE       9750860 338  97508600 0000000003000{
0530003    02946EUR2 0002001227902041225     LIBDE    1 CHQ 00670
0730003    02946EUR2 00020012279  041225                                                  0000000003497E
0130003    00715EUR2 00020084832  031225MR CARTON MATTHIEU               COMPTE COURANT   0000000118006A
0430003073000715EUR2 00020084832300412250004122503/12 R94110 CT3128599001        00941100 0000000016835CREMISE CB /
0530003    00715EUR2 0002008483230041225     LIBBT      1695 40E COM    11 87E
0430003073000715EUR2 00020084832300412250004122504/12 R14592 CT3835753001        00145920 0000000013872DREMISE CB /
0530003    00715EUR2 0002008483230041225     LIBBT      1394 21E COM     6 97E
0430003073000715EUR2 00020084832300412250004122503/12 R93987 CT3128599801        00939870 0000000005134HREMISE CB /
0530003    00715EUR2 0002008483230041225     LIBBT       517 10E COM     3 62E
0430003949000715EUR2 000200848322104122500041225000001 VIR EUROPEEN EMIS   NET   57377570 0000000011292R9533722079784
0530003    00715EUR2 0002008483221041225     NBEKEH-ZARZECKI TOM
0530003    00715EUR2 0002008483221041225     REF SALAIRE NOVEMBRE 2025
0530003    00715EUR2 0002008483221041225     LCCSALAIRE NOVEMBRE 2025
0530003    00715EUR2 0002008483221041225     BDBSOGEFRPP
0430003949000715EUR2 000200848322104122500041225000001 VIR EUROPEEN EMIS   NET   57377010 0000000015854J9533722076889
0530003    00715EUR2 0002008483221041225     NBELHASOKHANG TENZIN THARPA
0530003    00715EUR2 0002008483221041225     REF SALAIRE NOVEMBRE 2025
0530003    00715EUR2 0002008483221041225     LCCSALAIRE NOVEMBRE 2025
0530003    00715EUR2 0002008483221041225     BDBPSSTFRPPLIL
0430003949000715EUR2 000200848322104122500041225000001 VIR EUROPEEN EMIS   NET   57377890 0000000015996P9533722081183
0530003    00715EUR2 0002008483221041225     NBEDHEDEN TENZIN
0530003    00715EUR2 0002008483221041225     REF SALAIRE NOVEMBRE 2025
0530003    00715EUR2 0002008483221041225     LCCSALAIRE NOVEMBRE 2025
0530003    00715EUR2 0002008483221041225     BDBPSSTFRPPLIL
0430003949000715EUR2 000200848322104122500041225000001 VIR EUROPEEN EMIS   NET   57376780 0000000018941}9533722075273
0530003    00715EUR2 0002008483221041225     NBEMARCHON ALINE
0530003    00715EUR2 0002008483221041225     REF SALAIRE NOVEMBRE 2025
0530003    00715EUR2 0002008483221041225     LCCSALAIRE NOVEMBRE 2025
0530003    00715EUR2 0002008483221041225     BDBAGRIFRPP887
0430003949000715EUR2 000200848322104122500041225000001 VIR EUROPEEN EMIS   NET   57376440 0000000019045}9533722073470
0530003    00715EUR2 0002008483221041225     NBESOUMARE BAKARI
0530003    00715EUR2 0002008483221041225     REF SALAIRE NOVEMBRE 2025
0530003    00715EUR2 0002008483221041225     LCCSALAIRE NOVEMBRE 2025
0530003    00715EUR2 0002008483221041225     BDBCRLYFRPP
0430003949000715EUR2 000200848322104122500041225000001 VIR EUROPEEN EMIS   NET   57378210 0000000019130R9533722082604
0530003    00715EUR2 0002008483221041225     NBEBLED JEROME
0530003    00715EUR2 0002008483221041225     REF SALAIRE NOVEMBRE 2025
0530003    00715EUR2 0002008483221041225     LCCSALAIRE NOVEMBRE 2025
0530003    00715EUR2 0002008483221041225     BDBCMCIFR2A
0430003740000715EUR2 000200848326204122500031225NSTANTANE ELEC  583780681394     00000001 0000000000002NFRAIS VIR I
0530003    00715EUR2 0002008483262041225     LIBREF SALAIRE NOVEMBRE 2025
0430003740000715EUR2 000200848326204122500031225NSTANTANE ELEC  583780691325     00000001 0000000000002NFRAIS VIR I
0530003    00715EUR2 0002008483262041225     LIBREF SALAIRE NOVEMBRE 2025
0430003432000715EUR2 00020084832B104122500041225/INV/89845793PASSIONFROID PARIS  17957590 0000000003432P5601795759
0530003    00715EUR2 00020084832B1041225     NBEPASSIONFROID PARIS NORD
0530003    00715EUR2 00020084832B1041225     IBEFR74ZZZ316644
0530003    00715EUR2 00020084832B1041225     LCC/INV/8984579312 4.11.2025
0530003    00715EUR2 00020084832B1041225     RCN0900201083
0730003    00715EUR2 00020084832  041225                                                  0000000050150C
0130003    03871EUR2 00020147329  031225GROUPE EMON                      COMPTE COURANT   0000000441933H
0430003715003871EUR2 000201473297704122500041225CAT N  03871E2570800012          00000000 0000002084948C
0530003    03871EUR2 0002014732977041225     LIBECHU LE 04-12-2025
0430003715003871EUR2 000201473297704122500041225INTERETS CREDITEURS SUR CAT      00000000 0000000002827E
0530003    03871EUR2 0002014732977041225     LIBN 03871E2570800012
0530003    03871EUR2 0002014732977041225     LIBPERIODE DU 04/11/25 AU 04/12/25
0430003715003871EUR2 000201473297604122500041225OUVERTURE COMPTE A TERME N       00000001 0000002087775Q
0530003    03871EUR2 0002014732976041225     LIB03871E2573800011 ECH 04-01-2026
0730003    03871EUR2 00020147329  041225                                                  0000000441933H
0130003    00715EUR2 00020269517  03122501TE012782                 TE                     0000000059317B
0430003073000715EUR2 00020269517300412250004122504/12 R15437 CT3867114001        00154370 0000000001385{REMISE CB /
0530003    00715EUR2 0002026951730041225     LIBBT       139 00E COM     0 50E
0730003    00715EUR2 00020269517  041225                                                  0000000060702B
0130003    03110EUR2 00020084448  031225DOCTEUR CHRISTOPHE LEFEVRE SELAR                  0000000017217D
0730003    03110EUR2 00020084448  041225                                                  0000000017217D
0130003    00745EUR2 00020015158  031225SOCIETE CIVILE DU VAL DE LOIRE                    0000000000203E
0430003109000745EUR2 000200151580404122500041225VRST GAB 04/12/25 11H26 008641   00000000 0000000007000{MANUEL VARELA
0530003    00745EUR2 0002001515804041225     AB2MONTATAIRE           00913796
0530003    00745EUR2 0002001515804041225     AB3MANUEL VARELA
0530003    00745EUR2 0002001515804041225     AB4CARTE XXXXXX972262939X
0430003073000745EUR2 00020015158300412250004122504/12 R65085 CT3921276001        00650850 0000000004960{REMISE CB /
0530003    00745EUR2 0002001515830041225     LIBBT       500 00E COM     4 00E
0430003073000745EUR2 00020015158300412250004122504/12 R43746 CT3921276801        00437460 0000000000377{REMISE CB /
0530003    00745EUR2 0002001515830041225     LIBBT        38 00E COM     0 30E
0430003442000745EUR2 00020015158B204122500041225TVA1-112025-3DGFIP IMPOT         19057600 0000000007240}6311905760
0530003    00745EUR2 00020015158B2041225     NBUDGFIP IMPOT
0530003    00745EUR2 00020015158B2041225     IBEFR46ZZZ005002
0530003    00745EUR2 00020015158B2041225     LCCTVA1-112025-3310CA3
0530003    00745EUR2 00020015158B2041225     RCN220600610800120488610
0730003    00745EUR2 00020015158  041225                                                  0000000005300E
0130003    00718EUR2 00020553851  031225AP LESAGE                        COMPTE COURANT   0000000024954I
0430003073000718EUR2 00020553851300412250004122504/12 R27388 CT3974078001        00273880 0000000018493CREMISE CB /
0530003    00718EUR2 0002055385130041225     LIBBT      1861 70E COM    12 37E
0430003073000718EUR2 00020553851300412250004122504/12 R57067 CT3974078001        00570670 0000000000434{REMISE CB /
0530003    00718EUR2 0002055385130041225     LIBBT        43 60E COM     0 20E
0430003219000718EUR2 000205538511804122500041225/INV/NO1 3.11XPO FORMATION FRAN  00000000 0000000004400{6483378817S
0530003    00718EUR2 0002055385118041225     NPYXPO FORMATION FRANCE
0530003    00718EUR2 0002055385118041225     LCC/INV/NO1 3.11.2025
0530003    00718EUR2 0002055385118041225     RCN0081000249
0430003219000718EUR2 000205538511804122500041225CDJ-TRD-20712UP COOP             00000000 0000000000236F6581014702S
0530003    00718EUR2 0002055385118041225     NPYUP COOP
0530003    00718EUR2 0002055385118041225     LCCCDJ-TRD-2071295-20251203-05
0530003    00718EUR2 0002055385118041225     RCN001DCLTA55AHD
0430003661000718EUR2 000205538512804122500041225CARTE X2970 03/12 E.LECLERC      00010000 0000000000283K
0430003432000718EUR2 00020553851B104122500041225ZEROSIX FA251ZS SERVICES         11451220 0000000000519M6411145122
0530003    00718EUR2 00020553851B1041225     NBEZS SERVICES
0530003    00718EUR2 00020553851B1041225     IBEFR57ZZZ662173
0530003    00718EUR2 00020553851B1041225     LCCZEROSIX FA25111083
0530003    00718EUR2 00020553851B1041225     RCN10057-13-25335938002994
0430003432000718EUR2 00020553851B104122500041225/INV/45687596FRANCE BOISSONS IL  79831920 0000000003863M5607983192
0530003    00718EUR2 00020553851B1041225     NBEFRANCE BOISSONS ILE DE FRANCE
0530003    00718EUR2 00020553851B1041225     IBEFR27ZZZ480353
0530003    00718EUR2 00020553851B1041225     LCC/INV/4568759678 19.11.2025
0530003    00718EUR2 00020553851B1041225     RCN2300106565
0730003    00718EUR2 00020553851  041225                                                  0000000043852H
0130003    00712EUR2 00020519382  031225EIRL ECO BAT                     COMPTE COURANT   0000000006097I
0430003336000712EUR2 000205193821804122500051225COMPTE COURANM OU MME MAZANDARA  62573480 0000000003000{3822391205
0530003    00712EUR2 0002051938218041225     NPYM OU MME MAZANDARANI ALI
0530003    00712EUR2 0002051938218041225     LCCCOMPTE COURANT
0430003416000712EUR2 000205193827204122500041225ECHEANCE PRET N 223094100822     41008221 0000000003035L
0530003    00712EUR2 0002051938272041225     LIBCAPITAL AMORTI   248 08
0530003    00712EUR2 0002051938272041225     LIBINTERETS   31 57
0530003    00712EUR2 0002051938272041225     LIBASSURANCE   23 88
0530003    00712EUR2 0002051938272041225     LIBCAPITAL RESTANT   8 169 52
0730003    00712EUR2 00020519382  041225                                                  0000000006062F
0130003    02944EUR2 00020024274  031225IBH                              COMPTE COURANT   0000000946694I
0730003    02944EUR2 00020024274  041225                                                  0000000946694I
0130003    02944EUR2 00020034650  031225MGFH                             COMPTE COURANT   0000000000492E
0430003219002944EUR2 000200346501804122500041225CHEQUE A HONOS.C.I. SCI DE LA G  00000000 0000000020000{6580594962S
0530003    02944EUR2 0002003465018041225     NPYS.C.I. SCI DE LA GRANGE
0530003    02944EUR2 0002003465018041225     LCCCHEQUE A HONORER
0530003    02944EUR2 0002003465018041225     RCNS.C.I. SCI DE LA GRANGE
0430003377002944EUR2 000200346500104122500031225CHEQUE     146                   00001460 0000000001764Q
0430003377002944EUR2 000200346500104122500031225CHEQUE     143                   00001430 0000000005929J
0730003    02944EUR2 00020034650  041225                                                  0000000012798F