0110207    00136EUR2 70210172833  011225ARGIOS                           COMPTE COURANT   0000000000208P
0710207    00136EUR2 70210172833  021225                                                  0000000000208P
0110207    00192EUR2 22212720189  011225SAS C G  AUTOMOBILES             COMPTE COURANT   0000000060246D
0710207    00192EUR2 22212720189  021225                                                  0000000060246D
0110207    00136EUR2 70211370047  011225DOCTEUR ANTOINE HUART            COMPTE COURANT   0000000007423{
0410207059300136EUR2E7021137004705021225  021225VIR INST                         WFNHHA9000000000007200{BIPT253360300612
0510207    00136EUR2 7021137004705021225     LIBBIPT253360300612613 C
0510207    00136EUR2 7021137004705021225     LIBLOYER
0510207    00136EUR2 7021137004705021225     LIBVIR INST MME SANAE BOUCH
0710207    00136EUR2 70211370047  021225                                                  0000000014623{