0116606    03011EUR2 00149459114  281125DUMAS JULIETTE                                    0000000031487I  132
0416606000003011EUR2E0014945911405011225  011225VIR GOLDLAND C18V25335L031205    0000000100000000005000{
0516606    03011EUR2 0014945911405011225     NPYGOLDLAND
0516606    03011EUR2 0014945911405011225     NBESCI DAUDEVILLE
0516606    03011EUR2 0014945911405011225     LCCLOYER SAS GOLDLAND
0516606    03011EUR2 0014945911405011225     RCNC18V25335L031205
0516606    03011EUR2 0014945911405011225     LIBCMCIFRPPXXX
0516606    03011EUR2 0014945911405011225     MMOEUR200000000050000
0716606    03011EUR2 00149459114  011225                                                  0000000036487I
0116606    00043EUR2 84866330594  281125DUMAS JULIETTE                                    0000000061121Q  230
0416606006700043EUR2E8486633059462281125  291125OFFRE COMPTE   COMPOSER AGRI     0000000100000000000242}
0416606004400043EUR2E8486633059401011225  011225CHEQUE NO 9645560                9645560000000000000693M
0416606002100043EUR2E8486633059407011225  011225EFFET DOMICILIES                 00     000000000028915J
0716606    00043EUR2 84866330594  011225                                                  0000000090972L
0116606    53350EUR2 70115111007  281125V2M AVENIR                       COMPTE COURANT   0000005785865H  230
0416606002653350EUR2E70115111007C1011225  011225VIR INST VERS SANDRINE RENOUX    0000000000000000037310}
0516606    53350EUR2 70115111007C1011225     NPYRNX
0516606    53350EUR2 70115111007C1011225     NBESANDRINE RENOUX
0516606    53350EUR2 70115111007C1011225     RCNSALAIRE NOVEMBRE 2025
0516606    53350EUR2 70115111007C1011225     REF                                   DEF7610808E3458085219DB698CD4A0B
0516606    53350EUR2 70115111007C1011225     CBEFR7618706000001395576400073
0416606000053350EUR2E7011511100705011225  011225SA HELIOS RNX FA 311025          0000000100000000025200{
0516606    53350EUR2 7011511100705011225     NPYSA HELIOS
0516606    53350EUR2 7011511100705011225     NBERNX
0516606    53350EUR2 7011511100705011225     LCCRNX FA 311025
0516606    53350EUR2 7011511100705011225     RCNVIREMENT 01122025-153352 000001
0516606    53350EUR2 7011511100705011225     REFVIREMENT 01122025-153326
0516606    53350EUR2 7011511100705011225     LIBVIREMENT 01122025-153326           AGRIFRPP866C01202512011607063081773
0516606    53350EUR2 7011511100705011225     LIBAGRIFRPP866
0516606    53350EUR2 7011511100705011225     MMOEUR200000000252000
0516606    53350EUR2 7011511100705011225     CBEFR7616606100167011511700146
0716606    53350EUR2 70115111007  011225                                                  0000005773755H