0118206    00355EUR2 58517721003  281125THEMA PLUS SARL               THEMA PLUS SARL     0000000405904F  230
0418206002600355EUR2E5851772100306291125  291125GAB A M.       CHARPENTIER DAVI  0000000100000000010000}
0518206    00355EUR2 5851772100306291125     LIBGAB A M.       CHARPENTIER DAVI
0518206    00355EUR2 5851772100306291125     LIBM.       CHARPENTIER DAV
0718206    00355EUR2 58517721003  011225                                                  0000000395904F
0130003    00380EUR2 00050929825  281125SCI DC                           COMPTE COURANT   0000000043337{
0430003500000380EUR2 00050929825C129112500291125000001 VIR INSTANTANE EMIS LOGI  42624440 0000000002500}583374262444
0530003    00380EUR2 00050929825C1291125     NBECOMPTE LCL PERSO                    01 12 BQ CRLY CPT 0000091033T
0530003    00380EUR2 00050929825C1291125     RCN032025333176451740000001
0530003    00380EUR2 00050929825C1291125     BDBCRLYFRPPXXX
0430003501000380EUR2 00050929825C201122500301125VIREMENT DE JJEAN-MICHEL MOTTON  60141560 0000000004000{583476014156
0530003    00380EUR2 00050929825C2011225     NPYJEAN-MICHEL MOTTON
0530003    00380EUR2 00050929825C2011225     LCCVIREMENT DE JEAN-MICHEL MOTTON
0430003501000380EUR2 00050929825C201122500011225VIREMENT DE MM GAVINO DENIS      69082870 0000000002400{583576908287
0530003    00380EUR2 00050929825C2011225     NPYM GAVINO DENIS
0530003    00380EUR2 00050929825C2011225     LCCVIREMENT DE M GAVINO DENIS
0530003    00380EUR2 00050929825C2011225     RCNVIREMENT DE M GAVINO DENIS
0430003219000380EUR2 000509298251801122500011225VIREMENT DE MMR   NICOLAS VARLE  00000000 0000000001500{6289088909S
0530003    00380EUR2 0005092982518011225     NPYMR   NICOLAS VARLET
0530003    00380EUR2 0005092982518011225     LCCVIREMENT DE MR NICOLAS VARLET
0530003    00380EUR2 0005092982518011225     RCNVIREMENT DE MR NICOLAS VARLET
0430003661000380EUR2 000509298252801122500011225CARTE X3990 27/11 REC HORODATEU  00010000 0000000000014}
0530003    00380EUR2 0005092982528011225     LIB110533303294056IOPD
0430003661000380EUR2 000509298252801122500011225CARTE X3990 29/11 CERTAS ESSOF2  00020000 0000000000586}
0530003    00380EUR2 0005092982528011225     LIB110533501349090IOPD
0730003    00380EUR2 00050929825  011225                                                  0000000048137{
0118206    00377EUR2 65086158880  281125RENAUD MARYVONNE                                  0000000046757E  230
0418206000000377EUR2E6508615888005011225  011225VIR MGEN 0000009570277333286561  1251125100000000000839H
0518206    00377EUR2 6508615888005011225     NPYMGEN
0518206    00377EUR2 6508615888005011225     NBEKAREN JULIARD
0518206    00377EUR2 6508615888005011225     LCC0000009570277333286561251125
0518206    00377EUR2 6508615888005011225     RCN0000009570277333286561251125
0518206    00377EUR2 6508615888005011225     LIBBNPAFRPPXXX
0518206    00377EUR2 6508615888005011225     MMOEUR200000000008398
0418206002600377EUR2E6508615888006011225  011225WEB KAREN JULIARD PAIE NOV       0000000100000000023000}
0518206    00377EUR2 6508615888006011225     NPYMME      JULIARD KAREN
0518206    00377EUR2 6508615888006011225     NBEKAREN JULIARD
0518206    00377EUR2 6508615888006011225     RCNPAIE NOV
0518206    00377EUR2 6508615888006011225     LIBAGRIFRPP882
0518206    00377EUR2 6508615888006011225     MMOEUR200000000230000
0518206    00377EUR2 6508615888006011225     CBEFR7618206003776508493621367
0418206000000377EUR2E6508615888005011225  011225VIR CPAM DU VAL D OISE 00000095  0251128100000000002087I
0518206    00377EUR2 6508615888005011225     NPYCPAM DU VAL D OISE
0518206    00377EUR2 6508615888005011225     NBEKAREN JULIARD
0518206    00377EUR2 6508615888005011225     LCC0000009570277333318500251128
0518206    00377EUR2 6508615888005011225     RCN0000009570277333318500251128
0518206    00377EUR2 6508615888005011225     LIBBREDFRPPXXX
0518206    00377EUR2 6508615888005011225     MMOEUR200000000020879
0418206000000377EUR2E6508615888005011225  011225VIR CPAM 77 0000009570277333310  1251128100000000001326{
0518206    00377EUR2 6508615888005011225     NPYCPAM 77
0518206    00377EUR2 6508615888005011225     NBEKAREN JULIARD
0518206    00377EUR2 6508615888005011225     LCC0000009570277333310011251128
0518206    00377EUR2 6508615888005011225     RCN0000009570277333310011251128
0518206    00377EUR2 6508615888005011225     LIBBREDFRPPXXX
0518206    00377EUR2 6508615888005011225     MMOEUR200000000013260
0418206002900377EUR2E6508615888099011225  061125REM CHQ   2554990                0000000100000000007717P
0418206001500377EUR2E6508615888099011225  061125REM CHQ   2554990                0000000100000000006517G
0718206    00377EUR2 65086158880  011225                                                  0000000026811B
0130003    03705EUR2 00120752340  281125NEXTTICK                         COMPTE COURANT   0000000123214K
0430003073003705EUR2 00120752340300112250002122530/11 R53387 CT3627249001        00533870 0000000009516BREMISE CB /
0530003    03705EUR2 0012075234030011225     LIBBT       956 40E COM     4 78E
0430003073003705EUR2 00120752340300112250002122530/11 R58444 CT3627249801        00584440 0000000007968{REMISE CB /
0530003    03705EUR2 0012075234030011225     LIBBT       800 80E COM     4 00E
0430003073003705EUR2 00120752340300112250002122529/11 R91964 CT3627249801        00919640 0000000005563EREMISE CB /
0530003    03705EUR2 0012075234030011225     LIBBT       559 15E COM     2 80E
0430003073003705EUR2 00120752340300112250002122529/11 R85304 CT3627249001        00853040 0000000004466AREMISE CB /
0530003    03705EUR2 0012075234030011225     LIBBT       448 85E COM     2 24E
0430003073003705EUR2 00120752340300112250002122501/12 R76609 CT3627249801        00766090 0000000004357FREMISE CB /
0530003    03705EUR2 0012075234030011225     LIBBT       437 95E COM     2 19E
0430003073003705EUR2 00120752340300112250002122501/12 R73478 CT3627249001        00734780 0000000000975AREMISE CB /
0530003    03705EUR2 0012075234030011225     LIBBT        98 00E COM     0 49E
0430003073003705EUR2 00120752340300112250001122530/11 R01732 CT3634820001        00017320 0000000000942IREMISE CB /
0530003    03705EUR2 0012075234030011225     LIBBT        95 00E COM     0 71E
0430003073003705EUR2 00120752340300112250001122529/11 R46810 CT3634820001        00468100 0000000000357CREMISE CB /
0530003    03705EUR2 0012075234030011225     LIBBT        36 00E COM     0 27E
0430003949003705EUR2 001207523402101122500011225000001 VIR EUROPEEN EMIS   NET   60333250 0000000007975N9533519452861
0530003    03705EUR2 0012075234021011225     NBEALLFLOR
0530003    03705EUR2 0012075234021011225     REF FACTURE 2504272   2560610
0530003    03705EUR2 0012075234021011225     LCCALLFLOR PLANTES BELGIQUE
0530003    03705EUR2 0012075234021011225     BDBKREDFRPP
0430003949003705EUR2 001207523402101122500011225000001 VIR EUROPEEN EMIS   NET   71103370 0000000014002Q9533519457656
0530003    03705EUR2 0012075234021011225     NBEMEAUX NOAH
0530003    03705EUR2 0012075234021011225     REF 032025335194576560000000
0530003    03705EUR2 0012075234021011225     LCCSALAIRE SEPTEMBRE 2025
0530003    03705EUR2 0012075234021011225     BDBSOGEFRPP
0430003661003705EUR2 001207523402801122500011225CARTE X1446 28/11 CDJ            00010000 0000000000487K
0430003661003705EUR2 001207523402801122500011225CARTE X1446 28/11 HORTICASH      00020000 0000000002089L
0430003432003705EUR2 00120752340B101122500011225DD0009567227 LE PARISIEN PAPIER  25102410 0000000000499}5902510241
0530003    03705EUR2 00120752340B1011225     NBELE PARISIEN PAPIER
0530003    03705EUR2 00120752340B1011225     IBEFR40ZZZ243051
0530003    03705EUR2 00120752340B1011225     LCCDD0009567227
0530003    03705EUR2 00120752340B1011225     RCN93 PAP 4/140013 0006491310
0430003377003705EUR2 001207523400101122500281125CHEQUE    2097                   00020970 0000000003159K
0730003    03705EUR2 00120752340  011225                                                  0000000117280N
0130003    00352EUR2 00026205700  281125SCI YOL                          COMPTE COURANT   0000000208428I
0430003500000352EUR2 00026205700C101122500281125000001 VIR INSTANTANE EMIS NET   41303920 0000000021021M583274130392
0530003    00352EUR2 00026205700C1011225     NBEREMY CORALIE                        01 12 SG 00374 CPT 00050058164
0530003    00352EUR2 00026205700C1011225     REF032025332175649830000000
0530003    00352EUR2 00026205700C1011225     RCNPAYE DU 01/11 AU 30/11/2025 CR
0530003    00352EUR2 00026205700C1011225     LCCPAYE DU 01/11 AU 30/11/2025 CR
0530003    00352EUR2 00026205700C1011225     BDBSOGEFRPPXXX
0430003500000352EUR2 00026205700C101122500281125000001 VIR INSTANTANE EMIS NET   41296920 0000000034567K583274129692
0530003    00352EUR2 00026205700C1011225     NBEREMY THIBAULT                       01 12 SG 00374 CPT 00050058164
0530003    00352EUR2 00026205700C1011225     REF032025332175646430000000
0530003    00352EUR2 00026205700C1011225     RCNPAYE DU 01/11 AU 30/11/2025 TR
0530003    00352EUR2 00026205700C1011225     LCCPAYE DU 01/11 AU 30/11/2025 TR
0530003    00352EUR2 00026205700C1011225     BDBSOGEFRPPXXX
0430003416000352EUR2 000262057007201122500301125ECHEANCE PRET N 220140106677     01066771 0000000048792}
0530003    00352EUR2 0002620570072011225     LIBCAPITAL AMORTI   4 826 20
0530003    00352EUR2 0002620570072011225     LIBINTERETS   53 00
0530003    00352EUR2 0002620570072011225     LIBCAPITAL RESTANT   87 347 58
0530003    00352EUR2 0002620570072011225     LIBDATE PREVISIONNELLE  DE FIN   30/05/2027
0730003    00352EUR2 00026205700  011225                                                  0000000104048C
0130003    03705EUR2 00020200829  281125TECHNIQUES ET NORMES DE COUVERT  COMPTE COURANT   0000000142598G
0730003    03705EUR2 00020200829  011225                                                  0000000142598G
0118206    00105EUR2 65005236294  281125MADIO                                             0000000015578B  230
0718206    00105EUR2 65005236294  011225        ------------------------------            0000000015578B
0118106    00011EUR2 96754418284  281125CAPCARRERE                       COMPTE COURANT   0000000030431A  230
0418106002600011EUR2E96754418284C1291125  291125VIR INST VERS ESPACE RESONANCE   0000000000000000005400}
0518106    00011EUR2 96754418284C1291125     NPYS.A.R.L. BUHA BAT
0518106    00011EUR2 96754418284C1291125     NBEESPACE  RESONANCE
0518106    00011EUR2 96754418284C1291125     RCNFA 2025/1128/812
0518106    00011EUR2 96754418284C1291125     REF                                   B049250857C2457C8682FC8D06D2C5B5
0518106    00011EUR2 96754418284C1291125     CBEFR7630003001160002050347446
0418106005200011EUR2E9675441828411011225  011225X9315 A TOUT DECOR LES VIL 28/1  0000000000000000000765N
0418106005200011EUR2E9675441828411011225  011225X9315 A TOUT DECOR LES VIL 29/1  0000000000000000000225P
0418106005200011EUR2E9675441828411011225  011225X9315 AUCHAN ANNECY EPAGNY 30/1  0000000000000000001774J
0718106    00011EUR2 96754418284  011225                                                  0000000022265H
0118206    00105EUR2 65011268015  281125EURL PRARELO                     COMPTE COURANT   0000000376392B  230
0418206005000105EUR2E65011268015B1011225  011225SFR                              0000000000000000000290}
0518206    00105EUR2 65011268015B1011225     NBESFR
0518206    00105EUR2 65011268015B1011225     IBEFR44ZZZ332801                      SEPA
0518206    00105EUR2 65011268015B1011225     NPYP E M ARTEMIS PEINTURE
0518206    00105EUR2 65011268015B1011225     REF303245357                          02-003234208660
0518206    00105EUR2 65011268015B1011225     LCCSFR PRLVT SEPA 99-1GU9HK-01 003234208660
0518206    00105EUR2 65011268015B1011225     RUMGP2018031973373                    RCUR
0518206    00105EUR2 65011268015B1011225     CPYFR7618206001056501126510852
0418206005000105EUR2E65011268015B1011225  011225SFR BUSINESS-SOCIETE FRANCAISE   0000000000000000002816M
0518206    00105EUR2 65011268015B1011225     NBESFR BUSINESS-SOCIETE FRANCAISE DU RADIOTELEPHONE - S.
0518206    00105EUR2 65011268015B1011225     IBEFR44ZZZ332801                      SEPA
0518206    00105EUR2 65011268015B1011225     NPYP E M ARTEMIS PEINTURE
0518206    00105EUR2 65011268015B1011225     REF303272949
0518206    00105EUR2 65011268015B1011225     LCC9A0038539833
0518206    00105EUR2 65011268015B1011225     RUMSBT201705124372                    RCUR
0518206    00105EUR2 65011268015B1011225     CPYFR7618206001056501126510852
0418206005000105EUR2E65011268015B1011225  011225HILTI FRANCE SAS-HILTI-FRANCE    0000000000000000002484M
0518206    00105EUR2 65011268015B1011225     NBEHILTI FRANCE SAS-HILTI-FRANCE
0518206    00105EUR2 65011268015B1011225     IBEFR36ZZZ517924                      SEPA
0518206    00105EUR2 65011268015B1011225     NPYARTEMIS PEINTURE
0518206    00105EUR2 65011268015B1011225     REF303362073                          01-325100812838022025
0518206    00105EUR2 65011268015B1011225     RCN                                   OTHR
0518206    00105EUR2 65011268015B1011225     LCC0081283802/INV/4105513770 1.11.2025
0518206    00105EUR2 65011268015B1011225     RUM000000045164                       RCUR
0518206    00105EUR2 65011268015B1011225     CPYFR7618206001056501126510852
0718206    00105EUR2 65011268015  011225                                                  0000000370801D
0130056    00811EUR2 08110094606  281125LA PAUSE S'IMPOSE                COMPTE COURANT   0000003245202E
043005600V300811EUR2 0811009460605011225  011225VIREMENT SEPA RECU    YCI7 0133  07013350 0000000112320{
0530056    00811EUR2 0811009460605011225     NPYSUN CITY
0530056    00811EUR2 0811009460605011225     LCCFACT 2025/24049 ET 24050
0530056    00811EUR2 0811009460605011225     RCNVIR SEPA 27/11/2025 15 10 16-00014
0730056    00811EUR2 08110094606  011225                                                  0000003357522E
0130003    01652EUR2 00027007102  281125SCI GJMF 2                    SCI GJMF 2          0000001158659H
0430003949001652EUR2 000270071022101122500011225000001 VIR EUROPEEN EMIS   NET   06198030 0000000001560}9533519819812
0530003    01652EUR2 0002700710221011225     NBE3D MAQ
0530003    01652EUR2 0002700710221011225     REF FA10106 DU 31 OCTOBRE 2025
0530003    01652EUR2 0002700710221011225     LCCFA10106 DU 31 OCTOBRE 2025
0530003    01652EUR2 0002700710221011225     BDBCMCIFRPP
0430003949001652EUR2 000270071022101122500011225000001 VIR EUROPEEN EMIS   NET   06192560 0000000002075R9533519817932
0530003    01652EUR2 0002700710221011225     NBESOPAFONTE-SOCIETE PARISIENNE DE FONTE DE METAUX PRECIEUX
0530003    01652EUR2 0002700710221011225     REF F66544 DU 31 OCTOBRE 2025
0530003    01652EUR2 0002700710221011225     LCCF66544 DU 31 OCTOBRE 2025
0530003    01652EUR2 0002700710221011225     BDBCRLYFRPP
0430003949001652EUR2 000270071022101122500011225000001 VIR EUROPEEN EMIS   NET   06203230 0000000005760}9533519821727
0530003    01652EUR2 0002700710221011225     NBEATRAL SERVICES
0530003    01652EUR2 0002700710221011225     REF CONTRAT 66439001
0530003    01652EUR2 0002700710221011225     LCCF 6130274342
0530003    01652EUR2 0002700710221011225     BDBBNPAFRPP
0430003949001652EUR2 000270071022101122500011225000001 VIR EUROPEEN EMIS   NET   58616730 0000000010000}9533217071263
0530003    01652EUR2 0002700710221011225     NBEHUGUES VINCENT SG
0530003    01652EUR2 0002700710221011225     REF LOYER DECEMBRE 2025
0530003    01652EUR2 0002700710221011225     LCCLOYER DECEMBRE 2025
0530003    01652EUR2 0002700710221011225     BDBSOGEFRPP
0430003949001652EUR2 000270071022101122500011225000001 VIR EUROPEEN EMIS   NET   06126150 0000000124920}9533519793205
0530003    01652EUR2 0002700710221011225     NBEDUCHENE SARL
0530003    01652EUR2 0002700710221011225     REF F2509006 DU 30 SEPTEMBRE 2025
0530003    01652EUR2 0002700710221011225     LCCF2509006 DU 30 SEPTEMBRE 2025
0530003    01652EUR2 0002700710221011225     BDBCEPAFRPP751
0430003432001652EUR2 00027007102B101122500011225VOTRE ABONNEMORANGE SA-ORANGE    16875650 0000000000319R5901687565
0530003    01652EUR2 00027007102B1011225     NBEORANGE SA-ORANGE
0530003    01652EUR2 00027007102B1011225     IBEFR18ZZZ002305
0530003    01652EUR2 00027007102B1011225     LCCVOTRE ABONNEMENT MOBILE  06XXXXX404 (FACTURE  3347005728)
0530003    01652EUR2 00027007102B1011225     RCN010021176365066992334700572850
0730003    01652EUR2 00027007102  011225                                                  0000001014024{
0130003    03700EUR2 00020040164  281125SAVANE & MOUSSON STREET FOOD     COMPTE COURANT   0000002425404B
0430003501003700EUR2 00020040164C201122500011225CC PHC       M. PHILIPPE CROCHE  64647430 0000000100000{583576464743
0530003    03700EUR2 00020040164C2011225     NPYM. PHILIPPE CROCHET
0530003    03700EUR2 00020040164C2011225     LCCCC PHC
0530003    03700EUR2 00020040164C2011225     RCNDU PANORAMA
0730003    03700EUR2 00020040164  011225                                                  0000002525404B
0130003    03708EUR2 00020781516  281125EI SALON INES D                  COMPTE COURANT   0000000000919I
0730003    03708EUR2 00020781516  011225                                                  0000000000919I
0130003    01652EUR2 00020660699  281125SCI FABRICE                      COMPTE COURANT   0000000035400R
0430003377001652EUR2 000206606990129112500271125CHEQUE    1907                   00019070 0000000004725}
0430003376001652EUR2 000206606990201122500021225REMISE CHEQUE       0000690 335  00006900 0000000011945{
0530003    01652EUR2 0002066069902011225     LIBDE    5 CHQ 02195 0000690
0430003664001652EUR2 000206606992801122500011225DEBIT MENSUEL CARTE BLEUE VISA   00010000 0000000001282MX0589
0730003    01652EUR2 00020660699  011225                                                  0000000029463L
0130003    03705EUR2 00020759266  281125PAGE STEPHIE DOMINIQUE           COMPTE COURANT   0000001071700I
0730003    03705EUR2 00020759266  011225                                                  0000001071700I
0130003    03705EUR2 00020754706  281125LE KIOSQUE                       COMPTE COURANT   0000002480194E
0430003501003705EUR2 00020754706C201122500011225VIR INST     MLLE ANAIS MONTESI  66174940 0000000002390{583576617494
0530003    03705EUR2 00020754706C2011225     NPYMLLE ANAIS MONTESINOS
0430003073003705EUR2 00020754706300112250001122529/11 R82131 CT3624200001        00821310 0000000032510CREMISE CB /
0530003    03705EUR2 0002075470630011225     LIBBT      3261 39E COM    10 36E
0430003073003705EUR2 00020754706300112250001122501/12 R51481 CT3624200001        00514810 0000000031727DREMISE CB /
0530003    03705EUR2 0002075470630011225     LIBBT      3182 80E COM    10 06E
0430003073003705EUR2 00020754706300112250001122530/11 R18241 CT3624200001        00182410 0000000027008CREMISE CB /
0530003    03705EUR2 0002075470630011225     LIBBT      2710 73E COM     9 90E
0430003073003705EUR2 00020754706300112250001122529/11 R99815 CT3663585001        00998150 0000000004581BREMISE CB /
0530003    03705EUR2 0002075470630011225     LIBBT       459 50E COM     1 38E
0430003073003705EUR2 00020754706300112250001122529/11 R42525 CT3663584001        00425250 0000000001270GREMISE CB /
0530003    03705EUR2 0002075470630011225     LIBBT       127 50E COM     0 43E
0430003284003705EUR2 000207547061801122500011225YYW1046583175PAYPAL EUROPE S.A.  00000000 0000000069735I6287633788S
0530003    03705EUR2 0002075470618011225     NPYPAYPAL EUROPE S.A.R.L. ET CIE S.C.A
0530003    03705EUR2 0002075470618011225     LCCYYW1046583175132/PAYPAL
0530003    03705EUR2 0002075470618011225     RCNYYW1046583175132
0530003    03705EUR2 0002075470618011225     PDOLU LUXEMBOURG
0430003219003705EUR2 000207547061801122500011225VIR RECU     M.OU MME THIAULT E  00000000 0000000002147D6280485425S
0530003    03705EUR2 0002075470618011225     NPYM.OU MME THIAULT EMMANUEL
0430003676003705EUR2 000207547062101122500011225000001 VIR PERM                  06306580 0000000042240}
0530003    03705EUR2 0002075470621011225     NBESCI LA TESTE DE BUCH
0530003    03705EUR2 0002075470621011225     RCN382866021621
0530003    03705EUR2 0002075470621011225     LCCLOYER LOCAL
0430003432003705EUR2 00020754706B1011225000112250330025100434DPD FRANCE SAS      77398990 0000000018339N5907739899
0530003    03705EUR2 00020754706B1011225     NBEDPD FRANCE SAS
0530003    03705EUR2 00020754706B1011225     IBEFR86ZZZ528082
0530003    03705EUR2 00020754706B1011225     LCC03300251004344
0530003    03705EUR2 00020754706B1011225     RCNAA251119143626371421
0530003    03705EUR2 00020754706B1011225     RUMC033014543-01
0730003    03705EUR2 00020754706  011225                                                  0000002590986B
0130003    01654EUR2 00020900133  281125TREXSO                           COMPTE COURANT   0000000308848B
0430003219001654EUR2 000209001331801122500011225LES CHAMPS LOCABINET SENAC SYND  00000000 0000000003500{6281619655S
0530003    01654EUR2 0002090013318011225     NPYCABINET SENAC SYNDIC  3
0530003    01654EUR2 0002090013318011225     LCCLES CHAMPS LORMIER
0530003    01654EUR2 0002090013318011225     RCN3561872
0430003219001654EUR2 000209001331801122500011225VIREMENT DE MMR OU MME FARIA HE  00000000 0000000003410{6280600738S
0530003    01654EUR2 0002090013318011225     NPYMR OU MME FARIA HENRI MANUEL
0530003    01654EUR2 0002090013318011225     LCCVIREMENT DE MR OU MME FARIA HENRI MANUEL
0530003    01654EUR2 0002090013318011225     RCNVIREMENT DE MR OU MME FARIA HENRI M
0430003677001654EUR2 000209001332101122500011225000001 VIR PERM                  04560720 0000000001750}
0530003    01654EUR2 0002090013321011225     NBEADELINE MARTINEZ
0530003    01654EUR2 0002090013321011225     RCN183062018447
0530003    01654EUR2 0002090013321011225     LCCLOYER GDM
0430003677001654EUR2 000209001332101122500011225000001 VIR PERM                  04560730 0000000001750}
0530003    01654EUR2 0002090013321011225     NBEGIOVANNI DIEU
0530003    01654EUR2 0002090013321011225     RCN183062018448
0530003    01654EUR2 0002090013321011225     LCCLOYER GDM
0430003108001654EUR2 000209001330701122500301125RELEVE LCR DOMICIL NO 07383691   73836910 0000000010146OAU 01/12
0730003    01654EUR2 00020900133  011225                                                  0000000302111F
0130003    03705EUR2 00020193730  281125MLE  COSPEREC  AUDREY            MLE  AUDREY COSPE0000000084810A
0730003    03705EUR2 00020193730  011225                                                  0000000084810A
0130003    03957EUR2 00020613501  281125DOCTEUR ANTOINE HUART            COMPTE COURANT   0000000014209R
0430003661003957EUR2 000206135012801122500011225CARTE X3405 29/11 WG SAVEURS     00010000 0000000000833}
0430003432003957EUR2 00020613501B101122500011225KOBALT 341811KOBALT              83810450 0000000002903Q5908381045
0530003    03957EUR2 00020613501B1011225     NBEKOBALT
0530003    03957EUR2 00020613501B1011225     IBEFR96ZZZ593862
0530003    03957EUR2 00020613501B1011225     LCCKOBALT 341811 M9 1506250
0530003    03957EUR2 00020613501B1011225     RCNKOBALT 341811 M9 1506250
0730003    03957EUR2 00020613501  011225                                                  0000000017946P
0117515RLV 00092EUR2 08500847725  291125PAGE STEPHIE DOMINIQUE           COMPTE COURANT   0000000288673{        DATALYS
0417515RLV 00092EUR2E0850084772518011225  011225VIR INST M SELMAN DIRIL OU MLL   41025471 0000000005480{
0517515    00092EUR2 0850084772518011225     LIB2533522I40044169          25335J
0517515    00092EUR2 0850084772518011225     NPYM SELMAN DIRIL OU MLLE MARTINE YANA
0517515    00092EUR2 0850084772518011225     NBEDANCE ANGELINA
0517515    00092EUR2 0850084772518011225     LCCDANCE DIRIL ANGELINA
0517515    00092EUR2 0850084772518011225     RCNNOTPROVIDED
0517515    00092EUR2 0850084772518011225     REF                                   IP20251201093222058HPQXUVHARWIOIKEN
0717515RLV 00092EUR2 08500847725  011225                                                  0000000294153{
0118206    00218EUR2 53554641009  281125EKITE                            CCE EKITE        0000000569471B  230
0418206000000218EUR2E5355464100905011225  011225VIR MME BRIGITTE BARDALOU        0000000100000000001200{
0518206    00218EUR2 5355464100905011225     NPYMME BRIGITTE BARDALOU
0518206    00218EUR2 5355464100905011225     NBEJULIEN MARIE
0518206    00218EUR2 5355464100905011225     LIBCRLYFRPPXXX
0518206    00218EUR2 5355464100905011225     MMOEUR200000000012000
0718206    00218EUR2 53554641009  011225                                                  0000000570671B
0118206    00130EUR2 65016397705  281125SOCIETE CIVILE IMMOBILIERE IREM  COMPTE COURANT   0000000431169I  230
0418206005000130EUR2E65016397705B1011225  011225ABEILLE VIE-ABEILLE VIE SOCIETE  0000000000000000001587O
0518206    00130EUR2 65016397705B1011225     NBEABEILLE VIE-ABEILLE VIE SOCIETE ANONYME D ASSURANCES
0518206    00130EUR2 65016397705B1011225     IBEFR90ZZZ002755                      SEPA
0518206    00130EUR2 65016397705B1011225     NPYARJC
0518206    00130EUR2 65016397705B1011225     REF303276766
0518206    00130EUR2 65016397705B1011225     LCC02014067577U AC 2251201PPUED PRLV ABEILLE VIE
0518206    00130EUR2 65016397705B1011225     RUMVAAIV2136314                       RCUR
0518206    00130EUR2 65016397705B1011225     CPYFR7618206001306501639507781
0418206005000130EUR2E65016397705B1011225  011225ABEILLE VIE-ABEILLE VIE SOCIETE  0000000000000000000758P
0518206    00130EUR2 65016397705B1011225     NBEABEILLE VIE-ABEILLE VIE SOCIETE ANONYME D ASSURANCES
0518206    00130EUR2 65016397705B1011225     IBEFR90ZZZ002755                      SEPA
0518206    00130EUR2 65016397705B1011225     NPYARJC
0518206    00130EUR2 65016397705B1011225     REF303276766
0518206    00130EUR2 65016397705B1011225     LCC02014067928B AC 2251201IBPCU PRLV ABEILLE VIE
0518206    00130EUR2 65016397705B1011225     RUMVAAIV2136318                       RCUR
0518206    00130EUR2 65016397705B1011225     CPYFR7618206001306501639507781
0718206    00130EUR2 65016397705  011225                                                  0000000428823F
0118206    00130EUR2 47457671008  281125EIRL M ZHANG MARC                COMPTE COURANT   0000004284999{  230
0418206005000130EUR2E47457671008B1011225  011225ORANGE SA                        0000000000000000003531N
0518206    00130EUR2 47457671008B1011225     NBEORANGE SA
0518206    00130EUR2 47457671008B1011225     IBEFR18ZZZ002305                      SEPA
0518206    00130EUR2 47457671008B1011225     NPYSARL GARAGE DES EC
0518206    00130EUR2 47457671008B1011225     REF303080498                          139955673399556735I577E
0518206    00130EUR2 47457671008B1011225     LCCVOTRE ABONNEMENT INTERNET (FACTURE  XXXXX6735I5) - P
0518206    00130EUR2 47457671008B1011225     RUMM0042996515                        RCUR
0518206    00130EUR2 47457671008B1011225     CPYFR7618206001304745767800127
0418206005000130EUR2E47457671008B1011225  011225ABEILLE IARD ET SANTE            0000000000000000017202M
0518206    00130EUR2 47457671008B1011225     NBEABEILLE IARD ET SANTE
0518206    00130EUR2 47457671008B1011225     IBEFR63ZZZ205389                      SEPA
0518206    00130EUR2 47457671008B1011225     NPYSARL GARAGE DES ECOLES
0518206    00130EUR2 47457671008B1011225     REF303220955
0518206    00130EUR2 47457671008B1011225     LCCPRLV ABEILLE ASSURANCES GARAGE 502642 01122025
0518206    00130EUR2 47457671008B1011225     RUMVAAIV2776497                       RCUR
0518206    00130EUR2 47457671008B1011225     CPYFR7618206001304745767800127
0418206005000130EUR2E47457671008B1011225  011225FRANFINANCE LOCATION             0000000000000000005880}
0518206    00130EUR2 47457671008B1011225     NBEFRANFINANCE LOCATION
0518206    00130EUR2 47457671008B1011225     IBEFR38ZZZ159182                      SEPA
0518206    00130EUR2 47457671008B1011225     NPYGARAGE DES ECOLES
0518206    00130EUR2 47457671008B1011225     REF303276766                          LE05073704/001990614-00
0518206    00130EUR2 47457671008B1011225     RCN                                   OTHR
0518206    00130EUR2 47457671008B1011225     LCCLE05073704/001990614-00            /FR38ZZZ159182/L000499432
0518206    00130EUR2 47457671008B1011225     RUML000499432                         RCUR
0518206    00130EUR2 47457671008B1011225     CPYFR7618206001304745767800127
0418206005000130EUR2E47457671008B1011225  011225GROUPE LA CENTRALE GROUPE LA CE  0000000000000000002970}
0518206    00130EUR2 47457671008B1011225     NBEGROUPE LA CENTRALE GROUPE LA CENTRALE
0518206    00130EUR2 47457671008B1011225     IBEFR95ZZZ447798                      SEPA
0518206    00130EUR2 47457671008B1011225     NPYGARAGE DES ECOLES
0518206    00130EUR2 47457671008B1011225     REF303256279                          FR25112454766356
0518206    00130EUR2 47457671008B1011225     RUMCBM0C042564X1238X102016            RCUR
0518206    00130EUR2 47457671008B1011225     CPYFR7618206001304745767800127
0418206005000130EUR2E47457671008B1011225  011225ROUSSEAU CERGY PONTOISE SA       0000000000000000025690L
0518206    00130EUR2 47457671008B1011225     NBEROUSSEAU CERGY PONTOISE SA
0518206    00130EUR2 47457671008B1011225     IBEFR57ZZZ001215                      SEPA
0518206    00130EUR2 47457671008B1011225     NPYDES ECOLES
0518206    00130EUR2 47457671008B1011225     REF303290421                          17220-13184------------------------
0518206    00130EUR2 47457671008B1011225     LCCROUSSEAU CERGY PONTOISE
0518206    00130EUR2 47457671008B1011225     RUMROUSSEAUCERGY17220                 RCUR
0518206    00130EUR2 47457671008B1011225     CPYFR7618206001304745767800127
0418206000400130EUR2E4745767100830291125  291125CARTE 1073935 001 494610 28/11   0000000100000000004609E
0418206005800130EUR2E4745767100862291125  291125CARTE 1073935 001 494610 28/11   0000000100000000000011M
0418206000400130EUR2E4745767100830291125  291125CARTE 5941175 003 565049 29/11   0000000100000000033847{
0418206005800130EUR2E4745767100862291125  291125CARTE 5941175 003 565049 29/11   0000000100000000000084O
0418206000200130EUR2E4745767100802291125  011225REMISE CHQ 1929694               1929694100000000194584H
0418206000200130EUR2E4745767100802291125  011225REMISE CHQ 1929692               1929692100000000118887G
0418206000400130EUR2E4745767100830301125  301125CARTE 1073935 001 640761 29/11   0000000100000000023999D
0418206005800130EUR2E4745767100862301125  301125CARTE 1073935 001 640761 29/11   0000000100000000000060}
0418206000400130EUR2E4745767100830301125  301125CARTE 5941175 003 702256 30/11   0000000100000000002337F
0418206005800130EUR2E4745767100862301125  301125CARTE 5941175 003 702256 30/11   0000000100000000000005Q
0418206002600130EUR2E4745767100806011225  011225WEB MERCIER RAPHAEL SALAIRE NOV  0000000000000000008763O
0518206    00130EUR2 4745767100806011225     NPYS.A.R.L. GARAGE DES ECOLES
0518206    00130EUR2 4745767100806011225     NBEMERCIER RAPHAEL
0518206    00130EUR2 4745767100806011225     RCNSALAIRE NOVEMBRE
0518206    00130EUR2 4745767100806011225     LIBAGRIFRPP882
0518206    00130EUR2 4745767100806011225     MMOEUR200000000087636
0518206    00130EUR2 4745767100806011225     CBEFR4320041000014002977T02058
0418206002600130EUR2E4745767100806011225  011225WEB SAS FITECO FACT 1615/1694    0000000000000000024828}
0518206    00130EUR2 4745767100806011225     NPYS.A.R.L. GARAGE DES ECOLES
0518206    00130EUR2 4745767100806011225     NBESAS FITECO
0518206    00130EUR2 4745767100806011225     RCNFACT 1615/1694
0518206    00130EUR2 4745767100806011225     LIBAGRIFRPP882
0518206    00130EUR2 4745767100806011225     MMOEUR200000000248280
0518206    00130EUR2 4745767100806011225     CBEFR7613807006551402121600850
0418206002600130EUR2E4745767100806011225  011225WEB AUTO JANTES RENOV FACT FE18  0000000000000000003480}
0518206    00130EUR2 4745767100806011225     NPYS.A.R.L. GARAGE DES ECOLES
0518206    00130EUR2 4745767100806011225     NBEAUTO JANTES RENOV
0518206    00130EUR2 4745767100806011225     RCNFACT FE1873-FE1610
0518206    00130EUR2 4745767100806011225     LIBAGRIFRPP882
0518206    00130EUR2 4745767100806011225     MMOEUR200000000034800
0518206    00130EUR2 4745767100806011225     CBEFR7630066103110002013150143
0418206002600130EUR2E4745767100806011225  011225WEB MRT FACT50                   0000000000000000014000}
0518206    00130EUR2 4745767100806011225     NPYS.A.R.L. GARAGE DES ECOLES
0518206    00130EUR2 4745767100806011225     NBEMRT
0518206    00130EUR2 4745767100806011225     RCNFACT50
0518206    00130EUR2 4745767100806011225     LIBAGRIFRPP882
0518206    00130EUR2 4745767100806011225     MMOEUR200000000140000
0518206    00130EUR2 4745767100806011225     CBEFR7640618804540004077206490
0418206002600130EUR2E4745767100806011225  011225WEB SALAIRE NOVEMBRE             0000000000000000238087P
0518206    00130EUR2 4745767100806011225     NPYGARAGE DES ECOLES
0518206    00130EUR2 4745767100806011225     LIBSALAIRES GDE
0518206    00130EUR2 4745767100806011225     LIBAGRIFRPP882
0418206000000130EUR2E4745767100805011225  011225VIR PRO ARCHIVES SYSTEMES 17616  0000000100000000026547E
0518206    00130EUR2 4745767100805011225     NPYPRO ARCHIVES SYSTEMES
0518206    00130EUR2 4745767100805011225     NBEPEUGEOT GARAGE DES ECOLES
0518206    00130EUR2 4745767100805011225     RCN176161 VIR  PRO ARCHIVES SYSTEM
0518206    00130EUR2 4745767100805011225     LIBSOGEFRPPXXX
0518206    00130EUR2 4745767100805011225     MMOEUR200000000265475
0418206000000130EUR2E4745767100805011225  011225VIR TEMSYS 1501988               1501988100000000000312{
0518206    00130EUR2 4745767100805011225     NPYTEMSYS
0518206    00130EUR2 4745767100805011225     NBEGARAGE DES ECOLES
0518206    00130EUR2 4745767100805011225     LCC175701
0518206    00130EUR2 4745767100805011225     RCN1501988
0518206    00130EUR2 4745767100805011225     LIBSOGEFRPPXXX
0518206    00130EUR2 4745767100805011225     MMOEUR200000000003120
0418206002100130EUR2E4745767100807011225  011225EFFET DOMICILIES                 00     000000000165160M
0718206    00130EUR2 47457671008  011225                                                  0000004180368H
0118206    00355EUR2 65044069973  281125SNC PERE ET FILS                 COMPTE COURANT   0000000007320C  230
0418206005000355EUR2E65044069973B1011225  011225SYSCO FRANCE SAS                 0000000000000000002895}
0518206    00355EUR2 65044069973B1011225     NBESYSCO FRANCE SAS
0518206    00355EUR2 65044069973B1011225     IBEFR63ZZZ429556                      SEPA
0518206    00355EUR2 65044069973B1011225     NPYREST. VIN SUR VIN
0518206    00355EUR2 65044069973B1011225     REF302906484                          01-BFS15006955102026
0518206    00355EUR2 65044069973B1011225     RCN                                   OTHR
0518206    00355EUR2 65044069973B1011225     LCC/INV/1252159947 13.11.2025
0518206    00355EUR2 65044069973B1011225     RUM000000248498                       RCUR
0518206    00355EUR2 65044069973B1011225     CPYFR7618206003556504406379936
0418206005000355EUR2E65044069973B1011225  011225ORANGE SA                        0000000000000000000636}
0518206    00355EUR2 65044069973B1011225     NBEORANGE SA
0518206    00355EUR2 65044069973B1011225     IBEFR18ZZZ002305                      SEPA
0518206    00355EUR2 65044069973B1011225     NPYVIN SUR VIN
0518206    00355EUR2 65044069973B1011225     REF303078282                          1C637N615C637N6155I577E
0518206    00355EUR2 65044069973B1011225     LCCVOTRE ABONNEMENT FIBRE (FACTURE  XXXXX6155I5) - P
0518206    00355EUR2 65044069973B1011225     RUMM0063446246                        RCUR
0518206    00355EUR2 65044069973B1011225     CPYFR7618206003556504406379936
0418206005000355EUR2E65044069973B1011225  011225LOCAM                            0000000000000000000989Q
0518206    00355EUR2 65044069973B1011225     NBELOCAM
0518206    00355EUR2 65044069973B1011225     IBEFR91ZZZ113026                      SEPA
0518206    00355EUR2 65044069973B1011225     NPYVIN SUR VIN
0518206    00355EUR2 65044069973B1011225     REF303172662
0518206    00355EUR2 65044069973B1011225     LCCPRELEVEMENT LOCAM  PARTENAIRE DE CITYCARE        DOSSIER 1657758 CONTR
0518206    00355EUR2 65044069973B1011225     LC2AT 1 DAE PATRIOT C LOYER DU 30-11-2025
0518206    00355EUR2 65044069973B1011225     RUMLD165775820220004190               RCUR
0518206    00355EUR2 65044069973B1011225     CPYFR7618206003556504406379936
0418206005000355EUR2E65044069973B1011225  011225LEASECOM                         0000000000000000001440}
0518206    00355EUR2 65044069973B1011225     NBELEASECOM
0518206    00355EUR2 65044069973B1011225     IBEFR47ZZZ536544                      SEPA
0518206    00355EUR2 65044069973B1011225     NPYVIN SUR VIN
0518206    00355EUR2 65044069973B1011225     REF303267395                          T253320001377431
0518206    00355EUR2 65044069973B1011225     RCN                                   LOAR
0518206    00355EUR2 65044069973B1011225     LCC10812533
0518206    00355EUR2 65044069973B1011225     RUM223L211198-105410                  RCUR
0518206    00355EUR2 65044069973B1011225     CPYFR7618206003556504406379936
0418206000400355EUR2E6504406997330291125  291125CARTE 1821735 001 439867 28/11   0000000100000000001180{
0418206005800355EUR2E6504406997362291125  291125CARTE 1821735 001 439867 28/11   0000000100000000000004P
0418206000400355EUR2E6504406997330291125  291125CARTE 1821721 001 439843 28/11   0000000100000000008295{
0418206005800355EUR2E6504406997362291125  291125CARTE 1821721 001 439843 28/11   0000000100000000000033L
0418206002600355EUR2E6504406997306011225  011225WEB HERVE HORNE                  0000000000000000005000}
0518206    00355EUR2 6504406997306011225     NPYS.A.R.L. VIN SUR VIN
0518206    00355EUR2 6504406997306011225     NBEHERVE HORNE
0518206    00355EUR2 6504406997306011225     LIBAGRIFRPP882
0518206    00355EUR2 6504406997306011225     MMOEUR200000000050000
0518206    00355EUR2 6504406997306011225     CBEFR7618206003556504402046170
0418206000000355EUR2E6504406997305011225  011225VIR STICHTING CUSTODIAN UBER PA  0000000100000000001045H
0518206    00355EUR2 6504406997305011225     NPYSTICHTING CUSTODIAN UBER PAYMENTS
0518206    00355EUR2 6504406997305011225     IPY71400397                           COMPANY REGISTRATION NUMBER
0518206    00355EUR2 6504406997305011225     NBEVIN SUR VIN
0518206    00355EUR2 6504406997305011225     NPOSTICHTING CUSTODIAN UBER PAYMENTS
0518206    00355EUR2 6504406997305011225     LCCPOP SVCS  DOB   20251124 - 20251130
0518206    00355EUR2 6504406997305011225     RCNA669V4ELH53OKAG
0518206    00355EUR2 6504406997305011225     LIBBOFANLNX
0518206    00355EUR2 6504406997305011225     MMOEUR200000000010458
0718206    00355EUR2 65044069973  011225                                                  0000000006842C
0118206    00105EUR2 31536761000  281125AP LESAGE                        COMPTE COURANT   0000000011000{  230
0418206005000105EUR2E31536761000B1011225  011225CODES ROUSSEAU                   0000000000000000000534}
0518206    00105EUR2 31536761000B1011225     NBECODES ROUSSEAU
0518206    00105EUR2 31536761000B1011225     IBEFR89ZZZ334707                      SEPA
0518206    00105EUR2 31536761000B1011225     NPYBAYELINE AUTO ECOLE
0518206    00105EUR2 31536761000B1011225     REF303160472                          0004497403188888
0518206    00105EUR2 31536761000B1011225     RUMC0950837                           RCUR
0518206    00105EUR2 31536761000B1011225     CPYFR7618206001053153676000189
0418206000400105EUR2E3153676100030291125  291125CARTE 2886754 001 546444 29/11   0000000100000000004000{
0418206005800105EUR2E3153676100062291125  291125CARTE 2886754 001 546444 29/11   0000000100000000000018Q
0418206000000105EUR2E3153676100005011225  011225CADEAU AUTO ECOLE BAYELINE MR B  0000000100000000015000{
0518206    00105EUR2 3153676100005011225     NPYAUTO ECOLE BAYELINE MR BENABLA
0518206    00105EUR2 3153676100005011225     NBEAUTO ECOLE BAYELINE MR BENABLA
0518206    00105EUR2 3153676100005011225     LCCCADEAU
0518206    00105EUR2 3153676100005011225     LIBAGRIFRPP882
0518206    00105EUR2 3153676100005011225     MMOEUR200000000150000
0518206    00105EUR2 3153676100005011225     CBEFR7618206001053153676000189
0718206    00105EUR2 31536761000  011225                                                  0000000029447B
0118206    00062EUR2 23356891003  281125SCI GJMF 2                    SCI GJMF 2          0000000025844E  230
0418206000400062EUR2E2335689100330301125  301125CARTE 1829063 002 590577 29/11   0000000100000000009893B
0418206005800062EUR2E2335689100362301125  301125CARTE 1829063 002 590577 29/11   0000000100000000000040L
0418206000400062EUR2E2335689100330301125  301125CARTE 0566372 002 590572 29/11   0000000100000000005512{
0418206005800062EUR2E2335689100362301125  301125CARTE 0566372 002 590572 29/11   0000000100000000000019K
0418206000400062EUR2E2335689100330011225  011225CARTE 1829063 002 724986 30/11   0000000100000000004909{
0418206005800062EUR2E2335689100362011225  011225CARTE 1829063 002 724986 30/11   0000000100000000000017L
0418206000400062EUR2E2335689100330011225  011225CARTE 0566372 002 724982 30/11   0000000100000000001343H
0418206005800062EUR2E2335689100362011225  011225CARTE 0566372 002 724982 30/11   0000000100000000000004P
0418206002600062EUR2E2335689100306011225  011225WEB MADAME DIDIER MARTINE        0000000100000000004123M
0518206    00062EUR2 2335689100306011225     NPYM.       BENSMAIL MORAD
0518206    00062EUR2 2335689100306011225     NBEMADAME DIDIER MARTINE
0518206    00062EUR2 2335689100306011225     LIBAGRIFRPP882
0518206    00062EUR2 2335689100306011225     MMOEUR200000000041234
0518206    00062EUR2 2335689100306011225     CBEFR7618206000622335713300120
0718206    00062EUR2 23356891003  011225                                                  0000000043297F
0130003    03708EUR2 00020103974  281125DECOFOR                          DECOFOR S.A.S    0000000762115{
0430003219003708EUR2 000201039741801122500011225VIR RECU     KERLEGUER ORIANE    00000000 0000000010800{6281307536S
0530003    03708EUR2 0002010397418011225     NPYKERLEGUER ORIANE
0530003    03708EUR2 0002010397418011225     RCNPAIEMENT LOYER EMILE BERLING
0730003    03708EUR2 00020103974  011225                                                  0000000772915{
0130003    00716EUR2 00020134908  281125CAUVALEX MANUTENTION             COMPTE COURANT   0000004041290D
0430003188000716EUR2 000201349086229112500281125COTIS VISA BUSINESS JAZZPRO-25%  00000001 0000000000397N
0530003    00716EUR2 0002013490862291125     LIBVISA BUSINESS X9880
0530003    00716EUR2 0002013490862291125     LIBSYLVAIN COMPAGNON
0430003741000716EUR2 000201349084501122500011225FACTURE FA777SERTEX ENCEINTE CE  33249450 0000000048925G583500156125
0530003    00716EUR2 0002013490845011225     NPYSERTEX ENCEINTE CENAM 67 HA SUD
0530003    00716EUR2 0002013490845011225     LCCFACTURE FA7778
0530003    00716EUR2 0002013490845011225     RCN97000251365
0530003    00716EUR2 0002013490845011225     MMOEUR200000000489257
0430003073000716EUR2 00020134908300112250001122529/11 R53861 CT3702016001        00538610 0000000001982EREMISE CB /
0530003    00716EUR2 0002013490830011225     LIBBT       201 80E COM     3 55E
0430003219000716EUR2 000201349081801122500011225LOUIS LAURENTLOUIS LAURENT       00000000 0000000073077F6280218126S
0530003    00716EUR2 0002013490818011225     NPYLOUIS LAURENT
0530003    00716EUR2 0002013490818011225     LCCLOUIS LAURENT
0530003    00716EUR2 0002013490818011225     RCNFA7746
0430003219000716EUR2 000201349081801122500011225FA7746       LOUIS LAURENT       00000000 0000000073077F6280228721S
0530003    00716EUR2 0002013490818011225     NPYLOUIS LAURENT
0530003    00716EUR2 0002013490818011225     LCCFA7746
0530003    00716EUR2 0002013490818011225     RCNFA7746
0530003    00716EUR2 0002013490818011225     IPY39132324300033
0430003219000716EUR2 000201349081801122500011225FA7753 APPROCVERNET DRAY         00000000 0000000038227B6280858675S
0530003    00716EUR2 0002013490818011225     NPYVERNET DRAY
0530003    00716EUR2 0002013490818011225     LCCFA7753 APPROCAST VERNET DRAY PP30458948
0530003    00716EUR2 0002013490818011225     RCNPP30458948
0430003219000716EUR2 000201349081801122500011225/INV/FA7760 3YKK FRANCE          00000000 0000000011912H6280845616S
0530003    00716EUR2 0002013490818011225     NPYYKK FRANCE
0530003    00716EUR2 0002013490818011225     LCC/INV/FA7760 30.10.2025
0530003    00716EUR2 0002013490818011225     RCN3080000923
0530003    00716EUR2 0002013490818011225     IPY67204917800037
0430003219000716EUR2 000201349081801122500011225MONNAIE DE PADRFIP ILE DE FRANC  00000000 0000000007121I5991362211S
0530003    00716EUR2 0002013490818011225     NPYDRFIP ILE DE FRANCE ET DE PARIS
0530003    00716EUR2 0002013490818011225     NPOMONNAIE DE PARIS
0530003    00716EUR2 0002013490818011225     LCCMONNAIE DE PARIS
0530003    00716EUR2 0002013490818011225     RCN1D0750000FSE2511PA000438
0430003219000716EUR2 000201349081801122500011225FA7759       02 METACONCEPT FRA  00000000 0000000006811B5996054026S
0530003    00716EUR2 0002013490818011225     NPY02 METACONCEPT FRANCE
0530003    00716EUR2 0002013490818011225     LCCFA7759
0530003    00716EUR2 0002013490818011225     RCN281125
0430003949000716EUR2 000201349082101122500011225000001 VIR EUROPEEN EMIS   NET   59705090 0000000017043O9530896472617
0530003    00716EUR2 0002013490821011225     NBESAGE
0530003    00716EUR2 0002013490821011225     REF SAGE 202510-11054196-CIEL-VIR30N C
0530003    00716EUR2 0002013490821011225     LCCSAGE 202510-11054196-CIEL-VIR30N CC11054196
0530003    00716EUR2 0002013490821011225     BDBBNPAFRPP
0430003661000716EUR2 000201349082801122500011225CARTE X6915 28/11 SAPN           00010000 0000000000216}
0530003    00716EUR2 0002013490828011225     LIBCOMMERCE ELECTRONIQUE
0430003661000716EUR2 000201349082801122500011225CARTE X6915 28/11 SAN MARINO     00020000 0000000001610}
0730003    00716EUR2 00020134908  011225                                                  0000004283159H
0130003    03735EUR2 00020069583  281125L'ETINCELLE                      COMPTE COURANT   0000000498820C
0430003219003735EUR2 000200695831801122500011225FACT 154     LADUNE              00000000 0000000168000{5981517841S
0530003    03735EUR2 0002006958318011225     NPYLADUNE
0530003    03735EUR2 0002006958318011225     LCCFACT 154
0530003    03735EUR2 0002006958318011225     RCN200006202025-11-28-15.30.29.376986
0730003    03735EUR2 00020069583  011225                                                  0000000666820C
0130003    03700EUR2 00020042064  281125ABC TELECOM                      COMPTE COURANT   0000000158741F
0430003677003700EUR2 000200420642101122500011225000001 VIR PERM                  05646400 0000000001188}
0530003    03700EUR2 0002004206421011225     NBEDA CUNHA ET BARBA H
0530003    03700EUR2 0002004206421011225     RCN281464508848
0530003    03700EUR2 0002004206421011225     LCCSAS DUCHATEAU - LOCATION BOX
0730003    03700EUR2 00020042064  011225                                                  0000000157553F
0130003    03733EUR2 00020249977  281125SAS NOOSA PIZZA   SERVAIS INGRID COMPTE COURANT   0000000988208D
0730003    03733EUR2 00020249977  011225                                                  0000000988208D
0130003    03705EUR2 00020750614  281125AGP RENOVATION                   COMPTE COURANT   0000019899435G
0430003900003705EUR2 000207506146229112500281125FRAIS VIREMENT SEPA ELEC. PGN    00000001 0000000000035}
0530003    03705EUR2 0002075061462291125     LIBREF STP
0530003    03705EUR2 0002075061462291125     LIB14 VIRT       A   0 25 EUR NT
0430003661003705EUR2 000207506142801122500011225CARTE X3771 29/11 STATION ESSO   00010000 0000000000837LSOI
0430003677003705EUR2 000207506142101122500011225000001 VIR PERM                  05970310 0000000010000}
0530003    03705EUR2 0002075061421011225     NBEDONDAINE MICHEL
0530003    03705EUR2 0002075061421011225     RCN365165330383
0530003    03705EUR2 0002075061421011225     LCCDONDAINE ACOMPTE PERMT
0430003432003705EUR2 00020750614B101122500011225FACT CHRETIENCAPITAL PLUS        25099520 0000000004200}5902509952
0530003    03705EUR2 00020750614B1011225     NBECAPITAL PLUS
0530003    03705EUR2 00020750614B1011225     IBEFR60ZZZ535631
0530003    03705EUR2 00020750614B1011225     LCCFACT CHRETIEN
0530003    03705EUR2 00020750614B1011225     RCNC25120472
0430003432003705EUR2 00020750614B101122500011225350298886    ECO PLAN RENTING L  79364060 0000000005345Q5907936406
0530003    03705EUR2 00020750614B1011225     NBEECO PLAN RENTING LLD
0530003    03705EUR2 00020750614B1011225     IBEFR20ZZZ642081
0530003    03705EUR2 00020750614B1011225     LCC350298886
0530003    03705EUR2 00020750614B1011225     RCN350298886
0730003    03705EUR2 00020750614  011225                                                  0000019879017F
0130003    03540EUR2 00020324448  281125SCI LES PETITS PRES              COMPTE COURANT   0000000144818G
0430003188003540EUR2 000203244486229112500281125FRAIS PAIEMENT HORS ZONE EURO    00000001 0000000000024Q
0530003    03540EUR2 0002032444862291125     LIBCARTE X4740
0530003    03540EUR2 0002032444862291125     LIB25/11 582 00 MAD MAROC
0430003188003540EUR2 000203244486229112500281125FRAIS RETRAIT HORS ZONE EURO     00000001 0000000000088P
0530003    03540EUR2 0002032444862291125     LIBCARTE X4740
0530003    03540EUR2 0002032444862291125     LIB26/11 217 44 EUR MAROC
0430003500003540EUR2 00020324448C101122500301125000001 VIR INSTANTANE EMIS NET   60271180 0000000020000}583476027118
0530003    03540EUR2 00020324448C1011225     NBEBONIS MARK                          01 12 SG 03540 CPT 00050328071
0530003    03540EUR2 00020324448C1011225     REF032025334188281550000000
0530003    03540EUR2 00020324448C1011225     RCNDECEMBRE
0530003    03540EUR2 00020324448C1011225     LCCSALAIRE
0430003949003540EUR2 000203244482101122500011225000001 VIR EUROPEEN EMIS   NET   75423230 0000000004500}9533519560806
0530003    03540EUR2 0002032444821011225     NBEFOTI ANIKO
0530003    03540EUR2 0002032444821011225     REF FA-2025-21
0530003    03540EUR2 0002032444821011225     LCCFACTURE
0530003    03540EUR2 0002032444821011225     BDBCIBHHUHB
0430003949003540EUR2 000203244482101122500011225000001 VIR EUROPEEN EMIS   NET   59291760 0000000014000}9533418826233
0530003    03540EUR2 0002032444821011225     NBEMINA ZITA
0530003    03540EUR2 0002032444821011225     REF DECEMBRE
0530003    03540EUR2 0002032444821011225     LCCSALAIRE
0530003    03540EUR2 0002032444821011225     BDBSOGEFRPP
0430003660003540EUR2 000203244482901122500011225CARTE X4740 RETRAIT DAB ETRANGE  00010000 0000000002172PR 28/11
0530003    03540EUR2 0002032444829011225     LIBBD MOHAMED ZERKTOUNI T C
0530003    03540EUR2 0002032444829011225     LIB217 27 EUR MAROC
0730003    03540EUR2 00020324448  011225                                                  0000000104032E