0130003    02828EUR2 00020160382  031225EIRL M ZHANG MARC                COMPTE COURANT   0000002349605E
0730003    02828EUR2 00020160382  041225                                                  0000002349605E
0130002    00629EUR2 0000007Y941  031225EURL PRARELO                     COMPTE COURANT   0000000594869E
0730002    00629EUR2 0000007Y941  041225                                                  0000000594869E