0130066    10916EUR2 00020111032  031225T P C                            COMPTE COURANT   0000003288498E031225041225
0730066    10916EUR2 00020111032  041225                                                  0000003288498E
0130027    17041EUR2 00020281037  031225GROUPE EMON                      COMPTE COURANT   0000000044396G031225041225
0730027    17041EUR2 00020281037  041225                                                  0000000044396G
0110278    08858EUR2 00071040424  031225SCI DE L'ALISIER                 COMPTE COURANT   0000000263678F031225041225
0710278    08858EUR2 00071040424  041225                                                  0000000263678F
0115519    39013EUR2 00021221097  031225PHI & AL                         COMPTE COURANT   0000000043067C031225041225
0715519    39013EUR2 00021221097  041225                                                  0000000043067C
0130027    17024EUR2 00080091027  031225SAS MEL                          COMPTE COURANT   0000000021651C031225041225
0730027    17024EUR2 00080091027  041225                                                  0000000021651C
0130047    14670EUR2 00022571044  031225CSE STOKOMANI OEUVRES SOCIALES   COMPTE COURANT   0000000053738D031225041225
0730047    14670EUR2 00022571044  041225                                                  0000000053738D
0130047    14670EUR2 00022581040  031225NORTRADE INTERNATIONAL           COMPTE COURANT   0000002163365I031225041225
0730047    14670EUR2 00022581040  041225                                                  0000002163365I
0110278    07380EUR2 00020671093  031225LA PAUSE DETENTE                 COMPTE COURANT   0000000056332{031225041225
0710278    07380EUR2 00020671093  041225                                                  0000000056332{
0130027    17005EUR2 00021111053  031225S.A.R.L LES FLEURS DE L AVEN                      0000000037070B031225041225
0430027916217005EUR2 00021111053B1041225  041225PRLV SEPA EDF SIMM               0000000000000000000287L
0530027    17005EUR2 00021111053B1041225     LIBTIPSEPA
0530027    17005EUR2 00021111053B1041225     RIBFR3820041000015757872M02072          PSSTFRPPPAR
0530027    17005EUR2 00021111053B1041225     NOMEDF SIMM                           SCI SFL
0530027    17005EUR2 00021111053B1041225     NBEEDF SIMM                            PARIS
0530027    17005EUR2 00021111053B1041225     IBEFR47EDF001007
0530027    17005EUR2 00021111053B1041225     NPYSCI SFL
0530027    17005EUR2 00021111053B1041225     LCCTIPSEPA
0530027    17005EUR2 00021111053B1041225     RCN401405282047026061509029
0530027    17005EUR2 00021111053B1041225     REF26061509029
0530027    17005EUR2 00021111053B1041225     RUMTIP514014052820470260615090291111
0530027    17005EUR2 00021111053B1041225     CPYFR7630027170050002111350191
0730027    17005EUR2 00021111053  041225                                                  0000000036782I
0115489    04812EUR2 00025551012  031225JOBDOCTOR                     JOBDOCTOR SAS       0000000181669D031225041225
0715489    04812EUR2 00025551012  041225                                                  0000000181669D
0130027    17241EUR2 00023131031  031225NORTRADE INTERNATIONAL           COMPTE COURANT   0000000070518I031225041225
0730027    17241EUR2 00023131031  041225                                                  0000000070518I
0110278    37330EUR2 00012401095  031225SCI EMPREINTES                   COMPTE COURANT   0000000028715C031225041225
0710278    37330EUR2 00012401095  041225                                                  0000000028715C
0130047    14655EUR2 00020861078  031225R&S GROUP                        CCE R&S GROUP    0000000304415B031225041225
0730047    14655EUR2 00020861078  041225                                                  0000000304415B
0130027    17263EUR2 00020991036  031225STOORM                           CCE STOORM       0000001821058A031225041225
0430027016417263EUR2 00020991036B3041225  041225IMP MAISON AQUILA CONTESTATION   0000000000000000008755Q
0530027    17263EUR2 00020991036B3041225     LIBF 2025-10-58 MAISON AQUI
0530027    17263EUR2 00020991036B3041225     RIBFR7610107002270011408777847          BREDFRPPXXX
0530027    17263EUR2 00020991036B3041225     NOMOPTICAL SERVICE CONSULTI           MAISON AQUILA
0530027    17263EUR2 00020991036B3041225     NBEOPTICAL SERVICE CONSULTI
0530027    17263EUR2 00020991036B3041225     IBEFR08ZZZ819F16
0530027    17263EUR2 00020991036B3041225     NPYMAISON AQUILA
0530027    17263EUR2 00020991036B3041225     LCCF 2025-10-58 MAISON AQUI
0530027    17263EUR2 00020991036B3041225     RCNPK53324D120TWH01
0530027    17263EUR2 00020991036B3041225     REFT253350003098050
0530027    17263EUR2 00020991036B3041225     RUMKI20251107111629473617
0530027    17263EUR2 00020991036B3041225     CBEFR7630027172630002099630176
0530027    17263EUR2 00020991036B3041225     CPYFR7610107002270011408777847
0730027    17263EUR2 00020991036  041225                                                  0000001812302C
0130066    10016EUR2 00020151075  031225PHI & AL                         COMPTE COURANT   0000001320705E031225041225
0730066    10016EUR2 00020151075  041225                                                  0000001320705E
0110278    08858EUR2 00020141010  031225STA                              COMPTE COURANT   0000000871081F031225041225
0410278907808858EUR2 00020141010C2041225  041225VIR INST MME   CANDICE DIAS CAR  0000000 00000000008000{
0510278    08858EUR2 00020141010C2041225     LIBVIREMENT DE MME CANDICE DIAS CA
0510278    08858EUR2 00020141010C2041225     LIBO
0510278    08858EUR2 00020141010C2041225     NOMMME   CANDICE DIAS CARDOSO         DJM
0510278    08858EUR2 00020141010C2041225     NBEDJM
0510278    08858EUR2 00020141010C2041225     NPYMME   CANDICE DIAS CARDOSO
0510278    08858EUR2 00020141010C2041225     NBUDJM
0510278    08858EUR2 00020141010C2041225     LCCVIREMENT DE MME CANDICE DIAS CARDOSO
0510278    08858EUR2 00020141010C2041225     RCNVIREMENT DE MME CANDICE DIAS CARDOS
0710278    08858EUR2 00020141010  041225                                                  0000000879081F
0130027    17280EUR2 00020321012  031225THOMAS FRUCHART FLEURISTE        COMPTE COURANT   0000000009984A031225041225
0430027916217280EUR2 00020321012B1041225  041225PRLV SEPA EASYLEASE SASU         0000000000000000001150}
0530027    17280EUR2 00020321012B1041225     LIBAURELIE HENOCQUE FC25037659
0530027    17280EUR2 00020321012B1041225     RIBFR7630066109470002184940116          CMCIFRPPXXX
0530027    17280EUR2 00020321012B1041225     NOMEASYLEASE SASU                     HENOCQUE
0530027    17280EUR2 00020321012B1041225     NBEEASYLEASE SASU
0530027    17280EUR2 00020321012B1041225     IBEFR34ZZZ89909A
0530027    17280EUR2 00020321012B1041225     NPYHENOCQUE
0530027    17280EUR2 00020321012B1041225     LCCAURELIE HENOCQUE FC25037659
0530027    17280EUR2 00020321012B1041225     RCN140646521B084AA28EEA775420260B20
0530027    17280EUR2 00020321012B1041225     RUMR000323854-0000697355
0530027    17280EUR2 00020321012B1041225     CPYFR7630027172800002032210168
0430027930517280EUR2 0002032101218041225  041225VIR CPAM AMIENS                  0000000 00000000014730I
0530027    17280EUR2 0002032101218041225     LIB0000008060147913362321251203
0530027    17280EUR2 0002032101218041225     NOMCPAM AMIENS                        HENOCQUE AURELIE
0530027    17280EUR2 0002032101218041225     NBEHENOCQUE AURELIE
0530027    17280EUR2 0002032101218041225     NPYCPAM AMIENS
0530027    17280EUR2 0002032101218041225     LCC0000008060147913362321251203
0530027    17280EUR2 0002032101218041225     RCN0000008060147913362321251203
0530027    17280EUR2 0002032101218041225     REF1013776016532934592172208-2154
0530027    17280EUR2 0002032101218041225     CBEFR7630027172800002032210168
0730027    17280EUR2 00020321012  041225                                                  0000000023565{
0110278    37210EUR2 00012651041  031225SAS C G  AUTOMOBILES             COMPTE COURANT   0000002540010H031225041225
0710278    37210EUR2 00012651041  041225                                                  0000002540010H
0130027    17005EUR2 00057242083  031225MENILLET COURTAGE                COMPTE COURANT   0000000258309H031225041225
0730027    17005EUR2 00057242083  041225                                                  0000000258309H
0110278    02507EUR2 00020412096  031225SOCIETE CIVILE IMMOBILIERE IREM  COMPTE COURANT   0000000155719F031225041225
0710278    02507EUR2 00020412096  041225                                                  0000000155719F
0130047    14670EUR2 00022581050  031225SNC PERE ET FILS                 COMPTE COURANT   0000000360310F031225041225
0730047    14670EUR2 00022581050  041225                                                  0000000360310F
0130047    14236EUR2 00020431032  031225ATELIER 467                      COMPTE COURANT   0000000003440D031225041225
0730047    14236EUR2 00020431032  041225                                                  0000000003440D
0115519    39093EUR2 00023331059  031225AUTO STORY                       COMPTE COURANT   0000001205947G031225041225
0415519916239093EUR2 00023331059B1041225  041225PRLV SEPA ORANGE SA              0000000000000000000660}
0515519    39093EUR2 00023331059B1041225     LIBVOTRE ABONNEMENT FIBRE (FACTURE
0515519    39093EUR2 00023331059B1041225     LIBXXX8115I6) - P
0515519    39093EUR2 00023331059B1041225     RIBFR7630066109720001085770176          CMCIFRPPCOR
0515519    39093EUR2 00023331059B1041225     NOMORANGE SA                          FRUITI
0515519    39093EUR2 00023331059B1041225     NBEORANGE SA
0515519    39093EUR2 00023331059B1041225     IBEFR18ZZZ002305
0515519    39093EUR2 00023331059B1041225     NPYFRUITI
0515519    39093EUR2 00023331059B1041225     LCCVOTRE ABONNEMENT FIBRE (FACTURE  XXXXX8115I6) - P
0515519    39093EUR2 00023331059B1041225     RCN5E370R811 E370R8115I633E
0515519    39093EUR2 00023331059B1041225     REF5E370R811 E370R8115I633E
0515519    39093EUR2 00023331059B1041225     RUMM0065589982
0515519    39093EUR2 00023331059B1041225     CPYFR7615519390930002333950136
0415519039039093EUR2 0002333105930041225  0512250622883 01 REM CB 031225         0800438 00000000000089G
0415519039039093EUR2 0002333105930041225  0512250622883 01 REM CB 031225         0800439 00000000000062{
0415519039039093EUR2 0002333105930041225  0512250591349 01 REM CB 031225         0591349 00000000039992B
0415519039739093EUR2 0002333105962041225  0512250622883 01 COM CBEURO 031225     0800438100000000000000N
0415519039739093EUR2 0002333105962041225  0512250622883 01 COM CBEURO 031225     0800439100000000000000L
0415519039739093EUR2 0002333105962041225  0512250591349 01 COM CBEURO 031225     4030532100000000000161Q
0415519900239093EUR2 0002333105906041225  041225VIR CONDIFRANCE F153610          0000000000000000016653K
0415519900239093EUR2 0002333105906041225  041225VIR RENAUD F25110367/25110824    5110824000000000003777L
0415519900239093EUR2 0002333105906041225  041225VIR NATOL F20250798              0250798000000000003885J
0415519900239093EUR2 0002333105906041225  041225VIR SA 7YY419 213/606            0000000000000000004750L
0415519900239093EUR2 0002333105906041225  041225VIR SA7Y419 937/688/420477       0000000000000000004146}
0415519900239093EUR2 0002333105906041225  041225VIR SA7Y420687/421 157/299/462   0000000000000000002302}
0415519900239093EUR2 0002333105906041225  041225VIR SODIS F25001505              5001505000000000005506M
0415519900239093EUR2 0002333105906041225  041225VIR LEGEAY F554956               0000000000000000008794Q
0715519    39093EUR2 00023331059  041225                                                  0000001195453I
0110278    06022EUR2 00020761051  031225SC DIOT INVEST                   COMPTE COURANT   0000000706827F031225041225
0410278039006022EUR2 0002076105130041225  051225REMCB00511 NB0001 TPE289558101   0800511 00000000000150{
0410278039706022EUR2 0002076105162041225  051225COMCB00511 NB0001 TPE289558101   0800511100000000000001}
0410278038106022EUR2 0002076105128041225  041225PAIEMENT PSC 0212 PARIS 10       0000000000000000000085}
0510278    06022EUR2 0002076105128041225     LIBUNAL ASSOCIES    CARTE 3362
0410278038106022EUR2 0002076105128041225  041225PAIEMENT PSC 0312 DRANCY         0000000000000000000336N
0510278    06022EUR2 0002076105128041225     LIBHYPER DISCOUNT   CARTE 3362
0410278038106022EUR2 0002076105128041225  041225PAIEMENT CB  0312 SOISY SOUS MO  0000000000000000000821}
0510278    06022EUR2 0002076105128041225     LIBRELAIS DE MONTMO CARTE 3362
0410278024006022EUR2 0002076105101041225  031225CHEQUE 5106485                   5106485000000000000554M
0710278    06022EUR2 00020761051  041225                                                  0000000705179G
0130066    10191EUR2 00010701089  031225SARL PROXI SHOP                  COMPTE COURANT   0000000584995G031225041225
0730066    10191EUR2 00010701089  041225                                                  0000000584995G
0130047    14622EUR2 00020621082  031225INAYA BEAUTY                     COMPTE COURANT   0000000073904B031225041225
0730047    14622EUR2 00020621082  041225                                                  0000000073904B
0110278    08858EUR2 00070730446  031225SCI EMPREINTES                   COMPTE COURANT   0000002447556G031225041225
0710278    08858EUR2 00070730446  041225                                                  0000002447556G
0110278    08858EUR2 00020542039  031225LA PAUSE S'IMPOSE                COMPTE COURANT   0000000015915H031225041225
0410278930508858EUR2 0002054203918041225  041225VIR NALIS                        0000000 00000000008924E
0510278    08858EUR2 0002054203918041225     LIB10278-20-25338850189303
0510278    08858EUR2 0002054203918041225     NOMNALIS                              SCI JAURES
0510278    08858EUR2 0002054203918041225     NBESCI JAURES
0510278    08858EUR2 0002054203918041225     NPYNALIS
0510278    08858EUR2 0002054203918041225     LCC2574-2025-11-CD192 SCI JAURES
0510278    08858EUR2 0002054203918041225     RCN10278-20-25338850189303
0510278    08858EUR2 0002054203918041225     REFSCT251204132513VCAFHHBGIJGZCJP729EZ
0510278    08858EUR2 0002054203918041225     CBEFR7610278088580002054930244
0710278    08858EUR2 00020542039  041225                                                  0000000024840C
0110278    08858EUR2 00072161088  031225CABALOI                          COMPTE COURANT   0000000253847D031225041225
0710278    08858EUR2 00072161088  041225                                                  0000000253847D
0115489    04804EUR2 00073211085  031225MLE  COSPEREC  AUDREY            MLE  AUDREY COSPE0000000007154F031225041225
0715489    04804EUR2 00073211085  041225                                                  0000000007154F
0130047    14236EUR2 00020191071  031225SC CAE                           COMPTE COURANT   0000000757254{031225041225
0730047    14236EUR2 00020191071  041225                                                  0000000757254{
0130027    17241EUR2 00023081046  031225MGFH                             COMPTE COURANT   0000001668998D031225041225
0430027930517241EUR2 0002308104618041225  041225VIR CONTINENTAL FRANCE SNC       0000000 00000000031228F
0530027    17241EUR2 0002308104618041225     LIB30027-12-25338015028593
0530027    17241EUR2 0002308104618041225     NOMCONTINENTAL FRANCE SNC             LIFTEC SARL
0530027    17241EUR2 0002308104618041225     NBELIFTEC SARL
0530027    17241EUR2 0002308104618041225     NPYCONTINENTAL FRANCE SNC
0530027    17241EUR2 0002308104618041225     RCN30027-12-25338015028593
0530027    17241EUR2 0002308104618041225     CBEFR7630027172410002308640189
0430027931417241EUR2 0002308104606041225  041225VIR INV TORROS 12205             0000000000000000000281K
0430027900217241EUR2 0002308104606041225  041225VIR FAC. LASER-LAQUE L202511004  2511004000000000003600}
0730027    17241EUR2 00023081046  041225                                                  0000001696345H
0110278    37330EUR2 00013961092  031225AMBULANCES TLS                   COMPTE COURANT   0000000017180G031225041225
0410278024037330EUR2 0001396109201041225  031225CHEQUE 2543208                   2543208000000000001814O
0710278    37330EUR2 00013961092  041225                                                  0000000015366A
0110278    37430EUR2 00013481086  031225THOMAS FRUCHART FLEURISTE        COMPTE COURANT   0000000501496B031225041225
0710278    37430EUR2 00013481086  041225                                                  0000000501496B
0130027    16130EUR2 00020301083  031225ABC TELECOM                      COMPTE COURANT   0000000799722G031225041225
0730027    16130EUR2 00020301083  041225                                                  0000000799722G
0130047    14193EUR2 00037201039  031225DE FI CO                                          0000000468816H031225041225
0730047    14193EUR2 00037201039  041225                                                  0000000468816H
0130087    33790EUR2 00020461005  031225AU COEUR DES BEBES MAISON MEDICA COMPTE COURANT   0000000022984G031225041225
0730087    33790EUR2 00020461005  041225                                                  0000000022984G
0115489    04762EUR2 00087544048  031225RBL                           RBL                 0000000023345F031225041225
0415489900604762EUR2 0008754404818041225  041225VIR DE SARL NI MO                0000000 00000000020000{
0715489    04762EUR2 00087544048  041225                                                  0000000043345F
0110278    07380EUR2 00020671004  031225MLLE PODEVIN PASCALE             LA CORVETTE      0000000099327B031225041225
0710278    07380EUR2 00020671004  041225                                                  0000000099327B
0130027    17026EUR2 00020242075  031225JLK INVEST                       COMPTE COURANT   0000000065233I031225041225
0430027907817026EUR2 00020242075C2041225  041225VIR INST MLE CHARLINE ROUSSEAUX  0000000 00000000006200{
0530027    17026EUR2 00020242075C2041225     LIBVIR DE MLE CHARLINE ROUSSEAUX
0530027    17026EUR2 00020242075C2041225     NOMMLE CHARLINE ROUSSEAUX             ANTOINE MOREL
0530027    17026EUR2 00020242075C2041225     NBEANTOINE MOREL
0530027    17026EUR2 00020242075C2041225     NPYMLE CHARLINE ROUSSEAUX
0530027    17026EUR2 00020242075C2041225     LCCVIR DE MLE CHARLINE ROUSSEAUX
0530027    17026EUR2 00020242075C2041225     RCNVK53381RUEA6JQ01
0730027    17026EUR2 00020242075  041225                                                  0000000071433I
0130027    17404EUR2 00011271003  031225MENILLET COURTAGE                COMPTE COURANT   0000000178864I031225041225
0730027    17404EUR2 00011271003  041225                                                  0000000178864I
0130047    14650EUR2 00020541022  031225RENAUD MARYVONNE                                  0000000025355F031225041225
0730047    14650EUR2 00020541022  041225                                                  0000000025355F
0130087    33809EUR2 00020851027  031225S.A.R.L LES FLEURS DE L AVEN                      0000000579830A031225041225
0430087930333809EUR2 0002085102706041225  041225VOTRE REMISE VIREMENT DU 031225  0000000000000000011482}
0530087    33809EUR2 0002085102706041225     LIBVIR SEPA 03/12/2025 12 30 32
0430087930333809EUR2 0002085102706041225  041225VOTRE REMISE VIREMENT DU 031225  0000000000000000054000}
0530087    33809EUR2 0002085102706041225     LIBVIR SEPA 03/12/2025 14 40 36
0430087930533809EUR2 0002085102718041225  041225VIR PLUXEE FRANCE                0000000 00000000003031B
0530087    33809EUR2 0002085102718041225     LIBSOD-TRD-2048785-30112025
0530087    33809EUR2 0002085102718041225     NOMPLUXEE FRANCE                      GRAZIELLA
0530087    33809EUR2 0002085102718041225     NBEGRAZIELLA
0530087    33809EUR2 0002085102718041225     NPYPLUXEE FRANCE
0530087    33809EUR2 0002085102718041225     RCNSOD-TRD-2048785-30112025
0530087    33809EUR2 0002085102718041225     REFSOD-TRD-2048785-30112025
0530087    33809EUR2 0002085102718041225     CBEFR7630087338090002085720113
0430087916233809EUR2 00020851027B1041225  041225PRLV SEPA METRO FRANCE S.A.S.-M  0000000000000000009569Q
0530087    33809EUR2 00020851027B1041225     LIB/INV/0051.009859
0530087    33809EUR2 00020851027B1041225     RIBFR7630003041700002019142943          SOGEFRPPXXX
0530087    33809EUR2 00020851027B1041225     NOMMETRO FRANCE S.A.S.-METRO FRANCE   GRAZIE MONTEVRAIN
0530087    33809EUR2 00020851027B1041225     NBEMETRO FRANCE S.A.S.-METRO FRANCE    NANTERRE
0530087    33809EUR2 00020851027B1041225     IBEFR17ZZZ452888
0530087    33809EUR2 00020851027B1041225     NPYGRAZIE MONTEVRAIN
0530087    33809EUR2 00020851027B1041225     LCC/INV/0051.009859
0530087    33809EUR2 00020851027B1041225     RCN03811925062026
0530087    33809EUR2 00020851027B1041225     REF03811925062026
0530087    33809EUR2 00020851027B1041225     RUMCMR000076019201
0530087    33809EUR2 00020851027B1041225     CPYFR7630087338090002085720113
0430087930533809EUR2 0002085102718041225  041225VIR EDENRED FRANCE               0000000 00000000001675F
0530087    33809EUR2 0002085102718041225     LIBVSCT-TX-20913
0530087    33809EUR2 0002085102718041225     NOMEDENRED FRANCE                     SARL  GRAZIE MONTEVRAIN
0530087    33809EUR2 0002085102718041225     NBESARL  GRAZIE MONTEVRAIN
0530087    33809EUR2 0002085102718041225     NPYEDENRED FRANCE
0530087    33809EUR2 0002085102718041225     LCCERF-TRD-2048785-02122025-1
0530087    33809EUR2 0002085102718041225     RCNVSCT-TX-20913
0530087    33809EUR2 0002085102718041225     REF27977041
0530087    33809EUR2 0002085102718041225     CBEFR7630087338090002085720113
0430087039033809EUR2 0002085102730041225  081225CB01233 0028 7198950             0801233 00000000010499B
0430087039033809EUR2 0002085102730041225  081225CB01228 0007 7198950             0801228 00000000006460H
0430087039033809EUR2 0002085102730041225  081225CB01227 0003 7198950             0801227 00000000003810{
0430087039033809EUR2 0002085102730041225  081225CB01232 0044 7198950             0801232 00000000011540{
0430087039733809EUR2 0002085102762041225  081225COM1232 0044 7198950             0801232100000000000100J
0430087039733809EUR2 0002085102762041225  081225COM1227 0003 7198950             0801227100000000000048K
0430087039733809EUR2 0002085102762041225  081225COM1228 0007 7198950             0801228100000000000072N
0430087039733809EUR2 0002085102762041225  081225COM1233 0028 7198950             0801233100000000000095O
0430087907833809EUR2 00020851027C2041225  041225VIR INST CHECKOUT SAS            0000000 00000000008480{
0530087    33809EUR2 00020851027C2041225     LIBSUNDAY.0312AMONTEVRAIN
0530087    33809EUR2 00020851027C2041225     NOMCHECKOUT SAS                       GRAZIE MONTEVRAIN
0530087    33809EUR2 00020851027C2041225     NBEGRAZIE MONTEVRAIN
0530087    33809EUR2 00020851027C2041225     NPYCHECKOUT SAS
0530087    33809EUR2 00020851027C2041225     NPOSUNDAY
0530087    33809EUR2 00020851027C2041225     LCCSUNDAY.0312AMONTEVRAIN
0530087    33809EUR2 00020851027C2041225     RCNPAY-2BTFXY5TTIVUNDS4DBSHLY233M
0430087930533809EUR2 0002085102718041225  041225VIR UP COOP                      0000000 00000000000380D
0530087    33809EUR2 0002085102718041225     LIB001DCLTA55J1Z
0530087    33809EUR2 0002085102718041225     NOMUP COOP                            SARL GRAZIE MONTEVRAIN
0530087    33809EUR2 0002085102718041225     NBESARL GRAZIE MONTEVRAIN
0530087    33809EUR2 0002085102718041225     NPYUP COOP
0530087    33809EUR2 0002085102718041225     LCCCDJ-TRD-2048785-20251203-04
0530087    33809EUR2 0002085102718041225     RCN001DCLTA55J1Z
0530087    33809EUR2 0002085102718041225     REFT253380002911605
0530087    33809EUR2 0002085102718041225     CBEFR7630087338090002085720113
0730087    33809EUR2 00020851027  041225                                                  0000000550339A
0130568    19923EUR2 00024614006  031225DEGRAEVE JULIEN                  COMPTE COURANT   0000000157277F031225041225
0430568038119923EUR2 0002461400628041225  041225PAIEMENT CB  0312 CLICHY         0000000000000000000232J
0530568    19923EUR2 0002461400628041225     LIBG7               CARTE 0663
0430568038119923EUR2 0002461400628041225  041225PAIEMENT CB  0312 CLICHY         0000000000000000000308M
0530568    19923EUR2 0002461400628041225     LIBG7               CARTE 0663
0430568038119923EUR2 0002461400628041225  041225PAIEMENT CB  0312 CLICHY         0000000000000000000242P
0530568    19923EUR2 0002461400628041225     LIBG7               CARTE 0663
0730568    19923EUR2 00024614006  041225                                                  0000000156494D
0130027    16048EUR2 00020592067  031225CSE STOKOMANI FONCTIONNEMENT     COMPTE COURANT   0000000953415B031225041225
0430027901316048EUR2 0002059206706041225  041225VIR SEPA LOYER GERANCE           0000000000000000060000}
0530027    16048EUR2 0002059206706041225     LIBC18V25338L009135
0530027    16048EUR2 0002059206706041225     NOMAU CLAIR DE LUNE
0530027    16048EUR2 0002059206706041225     NPYAU CLAIR DE LUNE
0430027039016048EUR2 0002059206730041225  081225REMCB00245 NB0002 TPE766035701   0800245 00000000001004{
0430027039016048EUR2 0002059206730041225  081225REMCB00249 NB0022 TPE766035701   0800249 00000000003052{
0430027039716048EUR2 0002059206762041225  081225COMCB00245 NB0002 TPE766035701   0800245100000000000005}
0430027039716048EUR2 0002059206762041225  081225COMCB00249 NB0022 TPE766035701   0800249100000000000020}
0430027907516048EUR2 00020592067C1041225  041225VIR INST AU BLANC D ALICE        0000000000000000003674}
0530027    16048EUR2 00020592067C1041225     LIBVK53381TL76V3M01
0430027038116048EUR2 0002059206728041225  041225PAIEMENT PSC 0212 HONFLEUR       0000000000000000000227L
0530027    16048EUR2 0002059206728041225     LIBCARREFOUR        CARTE 7872
0430027907516048EUR2 00020592067C1041225  041225VIR INST KENZA CHADAR            0000000000000000007240K
0530027    16048EUR2 00020592067C1041225     LIBVK53383UBGLFBK01
0430027916216048EUR2 00020592067B1041225  041225PRLV SEPA FRANCE BOISSONS BRETA  0000000000000000004403M
0530027    16048EUR2 00020592067B1041225     LIB/INV/4545683158 19.11.2025/INV/
0530027    16048EUR2 00020592067B1041225     LIB683167 19.11.2025
0530027    16048EUR2 00020592067B1041225     RIBFR7630004001460001014067971          BNPAFRPPXXX
0530027    16048EUR2 00020592067B1041225     NOMFRANCE BOISSONS BRETAGNE-NORMANDIE AU CLAIR DE LUNE
0530027    16048EUR2 00020592067B1041225     NBEFRANCE BOISSONS BRETAGNE-NORMANDIE  ZA DE LA GIRAUDIERE
0530027    16048EUR2 00020592067B1041225     IBEFR22ZZZ480346
0530027    16048EUR2 00020592067B1041225     NPYAU CLAIR DE LUNE
0530027    16048EUR2 00020592067B1041225     LCC/INV/4545683158 19.11.2025/INV/4545683167 19.11.2025
0530027    16048EUR2 00020592067B1041225     RCN2300088325
0530027    16048EUR2 00020592067B1041225     REF01-SJA023000883252025
0530027    16048EUR2 00020592067B1041225     RUMFBBNN-008560-0006
0530027    16048EUR2 00020592067B1041225     CPYFR7630027160480002059760255
0730027    16048EUR2 00020592067  041225                                                  0000000881901C
0115489    04823EUR2 00071831074  031225DR LAURENCE TRACQ                DOCTEUR LAURENCE 0000000124500D031225041225
0715489    04823EUR2 00071831074  041225                                                  0000000124500D
0110096    18038EUR2 00085683058  031225JOBDOCTOR                     JOBDOCTOR SAS       0000000559300A031225041225
0410096930518038EUR2 0008568305818041225  041225VIR CARS PHILIBERT SA            0000000 00000000051700{
0510096    18038EUR2 0008568305818041225     LIB20251201 CLY 6951 10
0510096    18038EUR2 0008568305818041225     NOMCARS PHILIBERT SA                  TAXI DE LA CHARMETTE
0510096    18038EUR2 0008568305818041225     NBETAXI DE LA CHARMETTE
0510096    18038EUR2 0008568305818041225     NPYCARS PHILIBERT SA
0510096    18038EUR2 0008568305818041225     LCCVIRT 01/12 LOT1
0510096    18038EUR2 0008568305818041225     RCN20251201 CLY 6951 10
0510096    18038EUR2 0008568305818041225     CBEFR7610096180380008568850338
0710096    18038EUR2 00085683058  041225                                                  0000000611000A
0130047    14670EUR2 00022571034  031225SCI GHTE22600                                     0000000556325E031225041225
0730047    14670EUR2 00022571034  041225                                                  0000000556325E
0130047    14236EUR2 00020431022  031225CENTRE MUSICAL ET INITIATIVE     CENTRE MUSICAL ET0000000963312C031225041225
0730047    14236EUR2 00020431022  041225                                                  0000000963312C
0115519    39093EUR2 00023781052  031225LK DEVELOPPEMENT                 COMPTE COURANT   0000000084669I031225041225
0715519    39093EUR2 00023781052  041225                                                  0000000084669I
0130027    16003EUR2 00021275022  031225CLUB SMOKI                       COMPTE COURANT   0000000009997I031225041225
0730027    16003EUR2 00021275022  041225                                                  0000000009997I
0130027    16003EUR2 00021501054  031225EKITE                            CCE EKITE        0000000091309B031225041225
0430027901316003EUR2 0002150105406041225  041225VIR SEPA CC                      0000000000000000022000}
0530027    16003EUR2 0002150105406041225     LIBC18V25338L007432
0530027    16003EUR2 0002150105406041225     NOMSCI FPL
0530027    16003EUR2 0002150105406041225     NPYSCI FPL
0730027    16003EUR2 00021501054  041225                                                  0000000069309B
0110278    08858EUR2 00020542099  031225JOURDIN STEPHANE                                  0000000003950H031225041225
0710278    08858EUR2 00020542099  041225                                                  0000000003950H
0130027    16003EUR2 00021271022  031225PAGE STEPHIE DOMINIQUE           COMPTE COURANT   0000000062742F031225041225
0730027    16003EUR2 00021271022  041225                                                  0000000062742F
0130027    16017EUR2 00043791036  031225TESSIER CHANTAL                                   0000000003300{031225041225
0730027    16017EUR2 00043791036  041225                                                  0000000003300{
0130027    17045EUR2 00020921046  031225EIRL DE FARIA PLOMBERIE          COMPTE COURANT   0000000111909E031225041225
0730027    17045EUR2 00020921046  041225                                                  0000000111909E
0130027    17286EUR2 00023551078  031225RENAUD MARYVONNE                                  0000000030229H031225041225
0730027    17286EUR2 00023551078  041225                                                  0000000030229H
0130027    17286EUR2 00020031049  031225AU COEUR DES BEBES MAISON MEDICA COMPTE COURANT   0000000198353F031225041225
0730027    17286EUR2 00020031049  041225                                                  0000000198353F
0110278    37330EUR2 00012221054  031225EIRL M ZHANG MARC                COMPTE COURANT   0000000003470G031225041225
0710278    37330EUR2 00012221054  041225                                                  0000000003470G
0130027    17280EUR2 00020081044  031225EIRL ECO BAT                     COMPTE COURANT   0000000108239A031225041225
0430027907817280EUR2 00020081044C2041225  041225VIR INST S.A.R.L. M.C.A. CREATI  0000000 00000000001080{
0530027    17280EUR2 00020081044C2041225     NOMS.A.R.L. M.C.A. CREATION           BRUNO FRAZIER
0530027    17280EUR2 00020081044C2041225     NBEBRUNO FRAZIER
0530027    17280EUR2 00020081044C2041225     NPYS.A.R.L. M.C.A. CREATION
0530027    17280EUR2 00020081044C2041225     RCNDEV00000020 SAV FAUQUET
0430027038117280EUR2 0002008104428041225  041225PAIEMENT CB  0212 ROISEL         0000000000000000000882M
0530027    17280EUR2 0002008104428041225     LIBCARREFOUR CONTAC CARTE 3183
0730027    17280EUR2 00020081044  041225                                                  0000000108436G
0115489    04762EUR2 00087541048  031225BCP SARL                                          0000000035348F031225041225
0415489907804762EUR2 00087541048C2041225  041225VIR INST E C B MAITRES D OEUVRE  0000000 00000000010000{
0515489    04762EUR2 00087541048C2041225     LIBVIR DE E C B MAITRES D OEUVRE
0515489    04762EUR2 00087541048C2041225     NOME C B MAITRES D OEUVRE             SARL NIMO - MONCEAU NICOLAS
0515489    04762EUR2 00087541048C2041225     NBESARL NIMO - MONCEAU NICOLAS
0515489    04762EUR2 00087541048C2041225     NPYE C B MAITRES D OEUVRE
0515489    04762EUR2 00087541048C2041225     LCCVIR DE E C B MAITRES D OEUVRE
0515489    04762EUR2 00087541048C2041225     RCNVU53383MJ2JGFC01
0415489907504762EUR2 00087541048C1041225  041225VIR INST MONCEAU NICOLAS         0000000100000000010000}
0515489    04762EUR2 00087541048C1041225     LIBVU53383ML0KMEF01
0415489907804762EUR2 00087541048C2041225  041225VIR INST NI.M                    0000000 00000000020000{
0515489    04762EUR2 00087541048C2041225     LIBVIR DE NI.M
0515489    04762EUR2 00087541048C2041225     NOMNI.M                               SARL NI MO
0515489    04762EUR2 00087541048C2041225     NBESARL NI MO
0515489    04762EUR2 00087541048C2041225     NPYNI.M
0515489    04762EUR2 00087541048C2041225     LCCVIR DE NI.M
0515489    04762EUR2 00087541048C2041225     RCNC08W25338M038851
0415489900304762EUR2 0008754104806041225  041225VIR C/C EUROCOMPTE PRO           0000000100000000020000}
0715489    04762EUR2 00087541048  041225                                                  0000000035348F
0130027    17070EUR2 00020862099  031225AU COEUR DES BEBES MAISON MEDICA COMPTE COURANT   0000000312158G031225041225
0430027916217070EUR2 00020862099B1041225  041225PRLV SEPA AMAZON PAYMENTS EUROP  0000000000000000003634R
0530027    17070EUR2 00020862099B1041225     LIB404-9172388-6710710 AMZN MKTP F
0530027    17070EUR2 00020862099B1041225     LIB4U58VKXXSU0DGR
0530027    17070EUR2 00020862099B1041225     RIBFR7630056000280028006387324          CCFRFRPPXXX
0530027    17070EUR2 00020862099B1041225     NOMAMAZON PAYMENTS EUROPE S  C  A AMAZHEY CONCIERGERIE
0530027    17070EUR2 00020862099B1041225     NBEAMAZON PAYMENTS EUROPE S  C  A AMAZ AVENUE JOHN F  KENNEDY 38 1855 LUX
0530027    17070EUR2 00020862099B1041225     IBEDE94ZZZ00000561653
0530027    17070EUR2 00020862099B1041225     NPYHEY CONCIERGERIE
0530027    17070EUR2 00020862099B1041225     LCC404-9172388-6710710 AMZN MKTP FR 1Q4U58VKXXSU0DGR
0530027    17070EUR2 00020862099B1041225     RCN1Q4U58VKXXSU0DGR
0530027    17070EUR2 00020862099B1041225     REFFR25120363110760
0530027    17070EUR2 00020862099B1041225     RUM N1QJQHOB7QMJMT8HYCBFT0TO(E5S.
0530027    17070EUR2 00020862099B1041225     CPYFR7630027170700002086990285
0430027907817070EUR2 00020862099C2041225  041225VIR INST MME MARIE-ANDREE SPRIE  0000000 00000000003568G
0530027    17070EUR2 00020862099C2041225     LIBFRAIS CONCIERGERIE 14 BIS RUE B
0530027    17070EUR2 00020862099C2041225     LIB RADE NOV
0530027    17070EUR2 00020862099C2041225     NOMMME MARIE-ANDREE SPRIET            HEY CONCIERGERIE
0530027    17070EUR2 00020862099C2041225     NBEHEY CONCIERGERIE
0530027    17070EUR2 00020862099C2041225     NPYMME MARIE-ANDREE SPRIET
0530027    17070EUR2 00020862099C2041225     LCCFRAIS CONCIERGERIE 14 BIS RUE BELLE RADE NOV
0530027    17070EUR2 00020862099C2041225     RCNNOTPROVIDED
0430027907817070EUR2 00020862099C2041225  041225VIR INST M. DEVISE JEAN-MARC OU  0000000 00000000001200{
0530027    17070EUR2 00020862099C2041225     LIBFRAIS DE MENAGE 11/25
0530027    17070EUR2 00020862099C2041225     NOMM. DEVISE JEAN-MARC OU MME DEVISE MHEY CONCIERGERIE
0530027    17070EUR2 00020862099C2041225     NBEHEY CONCIERGERIE
0530027    17070EUR2 00020862099C2041225     NPYM. DEVISE JEAN-MARC OU MME DEVISE M
0530027    17070EUR2 00020862099C2041225     LCCFRAIS DE MENAGE 11/25
0530027    17070EUR2 00020862099C2041225     RCNFACT F281225
0730027    17070EUR2 00020862099  041225                                                  0000000313292E
0130027    17026EUR2 00020272041  031225ATELIER 467                      COMPTE COURANT   0000000055282{031225041225
0730027    17026EUR2 00020272041  041225                                                  0000000055282{
0110278    02702EUR2 00045625441  031225SARL AMANDINE JUIGNET            COMPTE COURANT   0000000023056F031225041225
0410278916202702EUR2 00045625441B1041225  041225PRLV SEPA SFR                    0000000000000000000893Q
0510278    02702EUR2 00045625441B1041225     LIBSFR PRLVT SEPA 99-1G31MM-01 003
0510278    02702EUR2 00045625441B1041225     LIB13238
0510278    02702EUR2 00045625441B1041225     RIBFR4120041000012900988D02085          PSSTFRPPPAR
0510278    02702EUR2 00045625441B1041225     NOMSFR                                CAILLE ALINE
0510278    02702EUR2 00045625441B1041225     NBESFR                                 PARIS
0510278    02702EUR2 00045625441B1041225     IBEFR44ZZZ332801
0510278    02702EUR2 00045625441B1041225     NPYCAILLE ALINE
0510278    02702EUR2 00045625441B1041225     LCCSFR PRLVT SEPA 99-1G31MM-01 003394213238
0510278    02702EUR2 00045625441B1041225     RCN003394213238 99-1G31MM-01
0510278    02702EUR2 00045625441B1041225     REF02-003394213238
0510278    02702EUR2 00045625441B1041225     RUMGP20171129115155
0510278    02702EUR2 00045625441B1041225     CPYFR7610278027020004562144530
0410278930502702EUR2 0004562544118041225  041225VIR CETIP CETIP                  0000000 00000000000844B
0510278    02702EUR2 0004562544118041225     LIB000094-599104221
0510278    02702EUR2 0004562544118041225     LIB9104221-0000476776-4530-
0510278    02702EUR2 0004562544118041225     NOMCETIP CETIP                        ALINE CAILLE
0510278    02702EUR2 0004562544118041225     NBEALINE CAILLE
0510278    02702EUR2 0004562544118041225     NPYCETIP CETIP
0510278    02702EUR2 0004562544118041225     LCCTP-20251204-SPSANT              -599104221-0000476776-4530-
0510278    02702EUR2 0004562544118041225     RCN000094-599104221
0510278    02702EUR2 0004562544118041225     REFFR25120363340422
0510278    02702EUR2 0004562544118041225     CBEFR7610278027020004562144530
0410278930502702EUR2 0004562544118041225  041225VIR CPAM DES FLANDRES  CFCM      0000000 00000000003131B
0510278    02702EUR2 0004562544118041225     LIB0000005991042213364491251203
0510278    02702EUR2 0004562544118041225     NOMCPAM DES FLANDRES  CFCM            ALINE POUILLE
0510278    02702EUR2 0004562544118041225     NBEALINE POUILLE
0510278    02702EUR2 0004562544118041225     NPYCPAM DES FLANDRES  CFCM
0510278    02702EUR2 0004562544118041225     LCC0000005991042213364491251203
0510278    02702EUR2 0004562544118041225     RCN0000005991042213364491251203
0510278    02702EUR2 0004562544118041225     REF3448737784533004592145170-2145
0510278    02702EUR2 0004562544118041225     CBEFR7610278027020004562144530
0710278    02702EUR2 00045625441  041225                                                  0000000026138B
0115489    04762EUR2 00094082025  031225SCI FABRICE                      COMPTE COURANT   0000000245566B031225041225
0415489907504762EUR2 00094082025C1041225  041225VIR INST SARL NI MO              0000000000000000020000}
0515489    04762EUR2 00094082025C1041225     LIBC08W25338M038851
0715489    04762EUR2 00094082025  041225                                                  0000000225566B
0115489    04755EUR2 00094462022  031225J.C.R                            COMPTE COURANT   0000000070758G031225041225
0715489    04755EUR2 00094462022  041225                                                  0000000070758G
0130047    14047EUR2 00022062044  031225SOCIETE CIVILE IMMOBILIERE IREM  COMPTE COURANT   0000000672011F031225041225
0430047038114047EUR2 0002206204428041225  041225PAIEMENT PSC 0312 LANESTER       0000000000000000000379Q
0530047    14047EUR2 0002206204428041225     LIBCASADELASCARCASA CARTE 1451
0430047038114047EUR2 0002206204428041225  041225PAIEMENT CB  0312 LANESTER       0000000000000000005149P
0530047    14047EUR2 0002206204428041225     LIBBOUTIQUE ORANGE  CARTE 1451
0730047    14047EUR2 00022062044  041225                                                  0000000666482A
0115489    04804EUR2 00047291073  031225SCI ACDB                         COMPTE COURANT   0000000005795A031225041225
0415489930504804EUR2 0004729107318041225  041225VIR MR LIBERGE PATRICK           0000000 00000000000380{
0515489    04804EUR2 0004729107318041225     LIBVIREMENT DE MR LIBERGE PATRICK
0515489    04804EUR2 0004729107318041225     NOMMR LIBERGE PATRICK                 DUFOUR FRANCOISE (EI)
0515489    04804EUR2 0004729107318041225     NBEDUFOUR FRANCOISE (EI)
0515489    04804EUR2 0004729107318041225     NPYMR LIBERGE PATRICK
0515489    04804EUR2 0004729107318041225     LCCFACTURE DU 01/12/25
0515489    04804EUR2 0004729107318041225     RCNVIREMENT DE MR LIBERGE PATRICK
0515489    04804EUR2 0004729107318041225     REFT253370011958904
0515489    04804EUR2 0004729107318041225     CBEFR7615489048040004729370175
0715489    04804EUR2 00047291073  041225                                                  0000000006175A
0130027    17041EUR2 00020231058  031225SCI DE L'ATELIER                 COMPTE COURANT   0000000153769D031225041225
0730027    17041EUR2 00020231058  041225                                                  0000000153769D
0130027    16130EUR2 00020261023  031225L'EPICURIEN                      COMPTE COURANT   0000000085205B031225041225
0430027900216130EUR2 0002026102306041225  041225VIR CORDONNIER 2025F11-143       0000000000000000000480}
0430027931416130EUR2 0002026102306041225  041225VIR BMS 20253559                 0253559000000000000400}
0430027900216130EUR2 0002026102306041225  041225VIR KLP 2511017                  2511017000000000001080}
0430027900216130EUR2 0002026102306041225  041225VIR STUDIO PRO 13 F305           0000000000000000000600}
0430027900216130EUR2 0002026102306041225  041225VIR DRUON 251136                 0000000000000000004260}
0430027900216130EUR2 0002026102306041225  041225VIR LALOUM F869                  0000000000000000000290}
0430027900216130EUR2 0002026102306041225  041225VIR VIVIEN EVENTS F0556-25       0000000000000000002256}
0430027900216130EUR2 0002026102306041225  041225VIR OSENATFN  STC0411            0000000000000000001410}
0430027931416130EUR2 0002026102306041225  041225VIR SOPHIE M 2025 11 141         0000000000000000000930}
0430027900216130EUR2 0002026102306041225  041225VIR MICHAU FA000214              0000000000000000000510}
0430027900216130EUR2 0002026102306041225  041225VIR MICHAU FA000238              0000000000000000000750}
0430027900216130EUR2 0002026102306041225  041225VIR TOTAL FRAIS CARBU LEVALLOIS  0000000000000000001442N
0430027930516130EUR2 0002026102318041225  041225VIR STRIPE TECHNOLOGY EUROPE     0000000 00000000012332A
0530027    16130EUR2 0002026102318041225     LIBST-TSOU76ULRR91
0530027    16130EUR2 0002026102318041225     NOMSTRIPE TECHNOLOGY EUROPE  LIMITED  R N A CO PRODUCTIONS
0530027    16130EUR2 0002026102318041225     NBER N A CO PRODUCTIONS
0530027    16130EUR2 0002026102318041225     NPYSTRIPE TECHNOLOGY EUROPE  LIMITED
0530027    16130EUR2 0002026102318041225     NPOSTRIPE
0530027    16130EUR2 0002026102318041225     LCCSTRIPE
0530027    16130EUR2 0002026102318041225     RCNST-TSOU76ULRR91
0530027    16130EUR2 0002026102318041225     CBEFR7630027161300002026320118
0430027930516130EUR2 0002026102318041225  041225MALTY SC F20259093               0259093 00000000004080{
0530027    16130EUR2 0002026102318041225     LIBMALTY
0530027    16130EUR2 0002026102318041225     NOMMALTY                              STUDIO CALL
0530027    16130EUR2 0002026102318041225     NBESTUDIO CALL
0530027    16130EUR2 0002026102318041225     NPYMALTY
0530027    16130EUR2 0002026102318041225     LCCMALTY SC F20259093
0530027    16130EUR2 0002026102318041225     RCNMALTY SC F20259093
0530027    16130EUR2 0002026102318041225     REFVH533825WBQHEG01
0530027    16130EUR2 0002026102318041225     CBEFR7630027161300002026320118
0730027    16130EUR2 00020261023  041225                                                  0000000087208H
0130027    16048EUR2 00020523083  031225MLE CLAIRE GUENERIN              COMPTE COURANT   0000000024931C031225041225
0730027    16048EUR2 00020523083  041225                                                  0000000024931C
0130027    16048EUR2 00020291011  031225SNC PERE ET FILS                 COMPTE COURANT   0000000120911I031225041225
0730027    16048EUR2 00020291011  041225                                                  0000000120911I
0130027    16048EUR2 00020281023  031225EL MANAR 2                       COMPTE COURANT   0000000632398D031225041225
0730027    16048EUR2 00020281023  041225                                                  0000000632398D
0130027    16048EUR2 00020553023  031225BC2L IMMOBILIER                  COMPTE COURANT   0000000075475H031225041225
0430027901316048EUR2 0002055302318041225  041225LOYER GERANCE                    0000000 00000000060000{
0530027    16048EUR2 0002055302318041225     LIBC18V25338L009135
0530027    16048EUR2 0002055302318041225     NOMAU CLAIR DE LUNE                   LUNE DE MIEL
0530027    16048EUR2 0002055302318041225     NBELUNE DE MIEL
0530027    16048EUR2 0002055302318041225     NPYAU CLAIR DE LUNE
0530027    16048EUR2 0002055302318041225     LCCLOYER GERANCE
0730027    16048EUR2 00020553023  041225                                                  0000000135475H
0130027    16048EUR2 00020341081  031225L'EPICURIEN                      COMPTE COURANT   0000000509639F031225041225
0730027    16048EUR2 00020341081  041225                                                  0000000509639F
0130047    14607EUR2 00021051069  031225DSCM                             COMPTE COURANT   0000000000226C031225041225
0730047    14607EUR2 00021051069  041225                                                  0000000000226C
0110278    37430EUR2 00013091008  031225SCI ACDB                         COMPTE COURANT   0000000009329{031225041225
0710278    37430EUR2 00013091008  041225                                                  0000000009329{
0130087    33704EUR2 00020992031  031225RESEAU NATIONAL DES MISSIONS EMP COMPTE COURANT   0000000609455C031225041225
0430087930533704EUR2 0002099203118041225  041225VIR EDENRED FRANCE               0000000 00000000000354B
0530087    33704EUR2 0002099203118041225     LIBVSCT-TX-14097
0530087    33704EUR2 0002099203118041225     NOMEDENRED FRANCE                     SAS JUST LAMB
0530087    33704EUR2 0002099203118041225     NBESAS JUST LAMB
0530087    33704EUR2 0002099203118041225     NPYEDENRED FRANCE
0530087    33704EUR2 0002099203118041225     LCCERF-TRD-2135073-02122025-1
0530087    33704EUR2 0002099203118041225     RCNVSCT-TX-14097
0530087    33704EUR2 0002099203118041225     CBEFR7630087337040002099130289
0430087930533704EUR2 0002099203118041225  041225VIR PLUXEE FRANCE                0000000 00000000000661B
0530087    33704EUR2 0002099203118041225     LIBSOD-TRD-2135073-30112025
0530087    33704EUR2 0002099203118041225     NOMPLUXEE FRANCE                      L OURS BLEU
0530087    33704EUR2 0002099203118041225     NBEL OURS BLEU
0530087    33704EUR2 0002099203118041225     NPYPLUXEE FRANCE
0530087    33704EUR2 0002099203118041225     RCNSOD-TRD-2135073-30112025
0530087    33704EUR2 0002099203118041225     REFSOD-TRD-2135073-30112025
0530087    33704EUR2 0002099203118041225     CBEFR7630087337040002099130289
0430087039033704EUR2 0002099203130041225  081225CB00789 0008 7159756             0800789 00000000004446G
0430087039033704EUR2 0002099203130041225  081225CB00830 0031 7159756             0800830 00000000007271A
0430087039733704EUR2 0002099203162041225  081225COM0830 0031 7159756             0800830100000000000043J
0430087039733704EUR2 0002099203162041225  081225COM0789 0008 7159756             0800789100000000000025N
0430087930533704EUR2 0002099203118041225  041225VIR UP COOP                      0000000 00000000000086{
0530087    33704EUR2 0002099203118041225     LIB001DCLTA54TLC
0530087    33704EUR2 0002099203118041225     NOMUP COOP                            SAS JUST LAMB
0530087    33704EUR2 0002099203118041225     NBESAS JUST LAMB
0530087    33704EUR2 0002099203118041225     NPYUP COOP
0530087    33704EUR2 0002099203118041225     LCCCDJ-TRD-2135073-20251203-09
0530087    33704EUR2 0002099203118041225     RCN001DCLTA54TLC
0530087    33704EUR2 0002099203118041225     REFT253380001510409
0530087    33704EUR2 0002099203118041225     CBEFR7630087337040002099130289
0430087021133704EUR2 0002099203129041225  041225RETRAIT DAB 0212 REIMS           0000000000000000001500}
0530087    33704EUR2 0002099203129041225     LIBREIMS CLAIRMARAI CARTE 6258
0430087038133704EUR2 0002099203128041225  041225PAIEMENT PSC 0212 REIMS          0000000000000000000250J
0530087    33704EUR2 0002099203128041225     LIBLIDL 3077        CARTE 6258
0730087    33704EUR2 00020992031  041225                                                  0000000620455H