0130066    10898USD2 00010362012  011225RL DARNA                         COMPTE COURANT   0000000123719B021225021225
0430066931510898USD2 0001036201245021225  021225ALINTA ELECTRONICS COMPANY LIMI  0000000 00000000076074H
0530066    10898USD2 0001036201245021225     LIBTPI05P25336G00092
0530066    10898USD2 0001036201245021225     NOMALINTA ELECTRONICS COMPANY LIMITED PLASTECH
0530066    10898USD2 0001036201245021225     NBEPLASTECH
0530066    10898USD2 0001036201245021225     NPYALINTA ELECTRONICS COMPANY LIMITED D INDUSTRIAL  BUILDING PHASE 2 TAI
0530066    10898USD2 0001036201245021225     IPYLIN PAI ROAD  KWAI CHUNG NEW TERRITORIES HK  HONG KONG ID 1624956
0530066    10898USD2 0001036201245021225     RCNNOTPROVIDED
0730066    10898USD2 00010362012  021225                                                  0000000199794{
0130066    10132EUR2 00020351040  011225TESSIER CHANTAL                                   0000000101102G021225021225
0430066038110132EUR2 0002035104028011225  011225PAIEMENT CB  2811 AUBERVI3871/   0000000000000000000538Q
0530066    10132EUR2 0002035104028011225     LIBLA PLATEFORME    CARTE 7746
0430066038110132EUR2 0002035104028011225  011225PAIEMENT CB  2911 VILLENEUVE LA  0000000000000000001343Q
0530066    10132EUR2 0002035104028011225     LIBVILLENEUVE LA G  CARTE 7746
0430066038110132EUR2 0002035104028011225  011225PAIEMENT CB  2811 GARGES LES GO  0000000000000000000986Q
0530066    10132EUR2 0002035104028011225     LIBMP*DAC CORA      CARTE 8940
0430066916210132EUR2 00020351040B1021225  021225PRLV SEPA ROOLE-IDENTICAR        0000000000000000000139N
0530066    10132EUR2 00020351040B1021225     LIBPRELEVEMENT ROOLE-IDENTICAR
0530066    10132EUR2 00020351040B1021225     RIBFR7230002056870000290987P74          CRLYFRPPXXX
0530066    10132EUR2 00020351040B1021225     NOMROOLE-IDENTICAR                    STAC BTP
0530066    10132EUR2 00020351040B1021225     NBEROOLE-IDENTICAR                     7 PLACE RENE CLAIR
0530066    10132EUR2 00020351040B1021225     IBEFR46ZZZ561200
0530066    10132EUR2 00020351040B1021225     NPYSTAC BTP
0530066    10132EUR2 00020351040B1021225     LCCPRELEVEMENT ROOLE-IDENTICAR
0530066    10132EUR2 00020351040B1021225     RCN23883140-IDCAR21147TX2225
0530066    10132EUR2 00020351040B1021225     REFIDCAR21147TX2225
0530066    10132EUR2 00020351040B1021225     RUM1F1186858
0530066    10132EUR2 00020351040B1021225     CPYFR7630066101320002035040102
0430066038110132EUR2 0002035104028011225  011225PAIEMENT CB  2811 VITRY SUR SEI  0000000000000000000960}
0530066    10132EUR2 0002035104028011225     LIBPPG*CARTOUCHE    CARTE 7746
0730066    10132EUR2 00020351040  021225                                                  0000000097133H
0110278    06041EUR2 00020841076  011225SAS CASTAING                     COMPTE COURANT   0000000989527I021225021225
0410278916206041EUR2 00020841076B1021225  021225PRLV SEPA PAYPAL EUROPE S.A.R.L  0000000000000000000090}
0510278    06041EUR2 00020841076B1021225     LIB1046547284619/PAYPAL
0510278    06041EUR2 00020841076B1021225     RIBLU89751000135104200E                 PPLXLUL2
0510278    06041EUR2 00020841076B1021225     NOMPAYPAL EUROPE S.A.R.L. ET CIE S.C.AALIS INFORMATIQUE
0510278    06041EUR2 00020841076B1021225     NBEPAYPAL EUROPE S.A.R.L. ET CIE S.C.A 22-24 BOULEVARD ROYAL  2449 LUXEMB
0510278    06041EUR2 00020841076B1021225     IBELU96ZZZ0000000000000000058
0510278    06041EUR2 00020841076B1021225     NPYALIS INFORMATIQUE
0510278    06041EUR2 00020841076B1021225     LCC1046547284619/PAYPAL
0510278    06041EUR2 00020841076B1021225     RCN1046547284619
0510278    06041EUR2 00020841076B1021225     RUM48C2224UJHNNA
0510278    06041EUR2 00020841076B1021225     CPYFR7610278060410002084670116
0410278916206041EUR2 00020841076B1021225  021225PRLV SEPA PAYPAL EUROPE S.A.R.L  0000000000000000000100}
0510278    06041EUR2 00020841076B1021225     LIB1046553088093/PAYPAL
0510278    06041EUR2 00020841076B1021225     RIBLU89751000135104200E                 PPLXLUL2
0510278    06041EUR2 00020841076B1021225     NOMPAYPAL EUROPE S.A.R.L. ET CIE S.C.AALIS INFORMATIQUE
0510278    06041EUR2 00020841076B1021225     NBEPAYPAL EUROPE S.A.R.L. ET CIE S.C.A 22-24 BOULEVARD ROYAL  2449 LUXEMB
0510278    06041EUR2 00020841076B1021225     IBELU96ZZZ0000000000000000058
0510278    06041EUR2 00020841076B1021225     NPYALIS INFORMATIQUE
0510278    06041EUR2 00020841076B1021225     LCC1046553088093/PAYPAL
0510278    06041EUR2 00020841076B1021225     RCN1046553088093
0510278    06041EUR2 00020841076B1021225     RUM48C2224UJHNNA
0510278    06041EUR2 00020841076B1021225     CPYFR7610278060410002084670116
0410278916206041EUR2 00020841076B1021225  021225PRLV SEPA PAYPAL EUROPE S.A.R.L  0000000000000000000110}
0510278    06041EUR2 00020841076B1021225     LIB1046577356514/PAYPAL
0510278    06041EUR2 00020841076B1021225     RIBLU89751000135104200E                 PPLXLUL2
0510278    06041EUR2 00020841076B1021225     NOMPAYPAL EUROPE S.A.R.L. ET CIE S.C.AALIS INFORMATIQUE
0510278    06041EUR2 00020841076B1021225     NBEPAYPAL EUROPE S.A.R.L. ET CIE S.C.A 22-24 BOULEVARD ROYAL  2449 LUXEMB
0510278    06041EUR2 00020841076B1021225     IBELU96ZZZ0000000000000000058
0510278    06041EUR2 00020841076B1021225     NPYALIS INFORMATIQUE
0510278    06041EUR2 00020841076B1021225     LCC1046577356514/PAYPAL
0510278    06041EUR2 00020841076B1021225     RCN1046577356514
0510278    06041EUR2 00020841076B1021225     RUM48C2224UJHNNA
0510278    06041EUR2 00020841076B1021225     CPYFR7610278060410002084670116
0410278039006041EUR2 0002084107630021225  031225REMCB00266 NB0002 TPE275474501   0800266 00000000005900{
0410278039006041EUR2 0002084107630021225  031225REMCB00189 NB0001 TPE275600801   0800189 00000000001000{
0410278039006041EUR2 0002084107630021225  041225REMCB01860 NB0002 TPE292294301   0001860 00000000006680E
0410278039706041EUR2 0002084107662021225  031225COMCB00266 NB0002 TPE275474501   0800266100000000000017P
0410278039706041EUR2 0002084107662021225  031225COMCB00189 NB0001 TPE275600801   0800189100000000000003}
0410278039706041EUR2 0002084107662021225  041225COMCB01860 NB0002 TPE292294301   0001860100000000000049K
0410278930506041EUR2 0002084107618021225  021225VIR CM-CIC LEASING SOLUTIONS     0000000 00000000010598G
0510278    06041EUR2 0002084107618021225     LIB020DF0170050400158037PC
0510278    06041EUR2 0002084107618021225     NOMCM-CIC LEASING SOLUTIONS           A L INFO SERV
0510278    06041EUR2 0002084107618021225     NBEA L INFO SERV
0510278    06041EUR2 0002084107618021225     NPYCM-CIC LEASING SOLUTIONS
0510278    06041EUR2 0002084107618021225     LCC020DF0170050400158037PC
0510278    06041EUR2 0002084107618021225     RCN020DF01700504
0510278    06041EUR2 0002084107618021225     REF00158037PC
0510278    06041EUR2 0002084107618021225     CBEFR7610278060410002084670116
0410278039006041EUR2 0002084107630021225  031225REMCB00469 NB0002 TPE275600901   0800469 00000000007132G
0410278039006041EUR2 0002084107630021225  031225REMCB00410 NB0006 TPE275600901   0800410 00000000003218{
0410278039706041EUR2 0002084107662021225  031225COMCB00410 NB0006 TPE275600901   0800410100000000000009Q
0410278039706041EUR2 0002084107662021225  031225COMCB00469 NB0002 TPE275600901   0800469100000000000021M
0410278900206041EUR2 0002084107606021225  021225VIR ICONCEPT 1910 / 634          0000000000000000058372O
0410278900206041EUR2 0002084107606021225  021225VIR TD SYNNEX                    0000000000000000061815J
0710278    06041EUR2 00020841076  021225                                                  0000000903469{
0130066    10933EUR2 00020051046  011225MLE CLAIRE GUENERIN              COMPTE COURANT   0000000007464}021225021225
0730066    10933EUR2 00020051046  021225                                                  0000000007464}
0110278    06041EUR2 00020891044  011225GEOBATI                          COMPTE COURANT   0000003455490H021225021225
0710278    06041EUR2 00020891044  021225                                                  0000003455490H
0130066    10906EUR2 00020331088  011225PREVENTECH                       COMPTE COURANT   0000000282592E021225021225
0730066    10906EUR2 00020331088  021225                                                  0000000282592E
0110278    06041EUR2 00020851091  011225L'EPICURIEN                      COMPTE COURANT   0000000020971I021225021225
0710278    06041EUR2 00020851091  021225                                                  0000000020971I
0130568    19924EUR2 00053991048  011225POLY                             COMPTE COURANT   0000003307909H021225021225
0730568    19924EUR2 00053991048  021225                                                  0000003307909H
0130066    10920EUR2 00020631018  011225EI SALON INES D                  COMPTE COURANT   0000000418175I021225021225
0430066930510920EUR2 0002063101818021225  021225VIR TRANSCAUSSE SA               0000000 00000000000600{
0530066    10920EUR2 0002063101818021225     LIBGI 00010 00001 F 909721 48837
0530066    10920EUR2 0002063101818021225     NOMTRANSCAUSSE SA                     PEGASE SERVICES - HERVE BRETON
0530066    10920EUR2 0002063101818021225     NBEPEGASE SERVICES - HERVE BRETON
0530066    10920EUR2 0002063101818021225     NPYTRANSCAUSSE SA
0530066    10920EUR2 0002063101818021225     LCCF 20251002
0530066    10920EUR2 0002063101818021225     RCNGI 00010 00001 F 909721 48837
0530066    10920EUR2 0002063101818021225     CBEFR7630066109200002063810122
0430066038110920EUR2 0002063101828011225  011225PAIEMENT CB  2811 MONTIGNY LES   0000000000000000000567P
0530066    10920EUR2 0002063101828011225     LIBLEROY MERLIN     CARTE 5690
0730066    10920EUR2 00020631018  021225                                                  0000000418208B
0110278    06349EUR2 00020421062  011225GEOBATI                          COMPTE COURANT   0000000889226A021225021225
0410278038106349EUR2 0002042106228011225  011225PAIEMENT CB  2911 LEVALLOIS PER  0000000000000000004290}
0510278    06349EUR2 0002042106228011225     LIBXYNERGY          CARTE 5406
0410278916306349EUR2 00020421062B2021225  021225PRLV SEPA CMS VACANCES S.A.S.    0000000000000000047673Q
0510278    06349EUR2 00020421062B2021225     LIBAVIS  2154522-0340011116-202512
0510278    06349EUR2 00020421062B2021225     RIBDE84300308801868342001               TUBDDEDDXXX
0510278    06349EUR2 00020421062B2021225     NOMCMS VACANCES S.A.S.                SOTRAVELING
0510278    06349EUR2 00020421062B2021225     NBECMS VACANCES S.A.S.                 171 RUE LUCIEN FAURE  33071 BORDEA
0510278    06349EUR2 00020421062B2021225     IBEFR45ZZZ8571CD
0510278    06349EUR2 00020421062B2021225     NPYSOTRAVELING
0510278    06349EUR2 00020421062B2021225     LCCAVIS  2154522-0340011116-20251201
0510278    06349EUR2 00020421062B2021225     RCN0340011116
0510278    06349EUR2 00020421062B2021225     RUMM680175
0510278    06349EUR2 00020421062B2021225     CPYFR7610278063490002042260103
0410278039006349EUR2 0002042106230021225  031225REMCB01860 NB0003 TPE266860001   0001860 00000000080040{
0410278039706349EUR2 0002042106262021225  031225COMCB01860 NB0003 TPE266860001   0001860100000000000403K
0710278    06349EUR2 00020421062  021225                                                  0000000916899A
0110096    18026EUR2 00069901081  011225LE MARTELOT BRUNO                                 0000000021977H021225021225
0410096916218026EUR2 00069901081B1021225  021225PRLV SEPA ACTIVE BRANDS AS       0000000000000000010767}
0510096    18026EUR2 00069901081B1021225     LIBORDER 1118262 100438655
0510096    18026EUR2 00069901081B1021225     RIBDE16202201000070669000               DNBADEHX
0510096    18026EUR2 00069901081B1021225     NOMACTIVE BRANDS AS                   SKI CENTER- SARL SCRATCO
0510096    18026EUR2 00069901081B1021225     NBEACTIVE BRANDS AS                    KABELGATEN 6
0510096    18026EUR2 00069901081B1021225     IBEDE60ZZZ00002231441
0510096    18026EUR2 00069901081B1021225     NPYSKI CENTER- SARL SCRATCO
0510096    18026EUR2 00069901081B1021225     LCCORDER 1118262 100438655
0510096    18026EUR2 00069901081B1021225     RCNSEPA100524/14
0510096    18026EUR2 00069901081B1021225     REFSEPA100524/14
0510096    18026EUR2 00069901081B1021225     RUM27447
0510096    18026EUR2 00069901081B1021225     CPYFR7610096180260006990180174
0410096916218026EUR2 00069901081B1021225  021225PRLV SEPA GOCARDLESS             0000000000000000000100}
0510096    18026EUR2 00069901081B1021225     LIBVIMSHAPE GESTION SITE SKI-CENTE
0510096    18026EUR2 00069901081B1021225     LIBCIERES.FR
0510096    18026EUR2 00069901081B1021225     RIBFR7617118820080000000001760          GOAAFRP1
0510096    18026EUR2 00069901081B1021225     NOMGOCARDLESS                         J HAUWILLER
0510096    18026EUR2 00069901081B1021225     NBEGOCARDLESS
0510096    18026EUR2 00069901081B1021225     IBEGB27ZZZSDDBARC0000007495895
0510096    18026EUR2 00069901081B1021225     NPYJ HAUWILLER
0510096    18026EUR2 00069901081B1021225     LCCVIMSHAPE GESTION SITE SKI-CENTER-ORCIERES.FR
0510096    18026EUR2 00069901081B1021225     RCND-004DG3CASY0V
0510096    18026EUR2 00069901081B1021225     REFEUSEPADR-004DG3CASY0V
0510096    18026EUR2 00069901081B1021225     RUMVIMSHAPE-6JJGRBVYG
0510096    18026EUR2 00069901081B1021225     CPYFR7610096180260006990180174
0710096    18026EUR2 00069901081  021225                                                  0000000011110H
0130066    10901EUR2 00020401075  011225IMMO'CONSTAT                     COMPTE COURANT   0000000437292C021225021225
0430066907510901EUR2 00020401075C1021225  021225VIR INST SALAIRE NOVEMBRE 2025   0000000000000000023406M
0530066    10901EUR2 00020401075C1021225     LIBVK53360MNBZ9UW01
0430066907510901EUR2 00020401075C1021225  021225VIR INST SALAIRE NOVEMBRE 2025   0000000000000000005214R
0530066    10901EUR2 00020401075C1021225     LIBVK53360MUX3FXE01
0430066907510901EUR2 00020401075C1021225  021225VIR INST SALAIRE NOVEMBRE 2025   0000000000000000009666K
0530066    10901EUR2 00020401075C1021225     LIBVK53360MYF75ZN01
0430066907510901EUR2 00020401075C1021225  021225VIR INST SALAIRE NOVEMBRE 2025   0000000000000000015000}
0530066    10901EUR2 00020401075C1021225     LIBVK53360N3EKDDT01
0430066916210901EUR2 00020401075B1021225  021225PRLV SEPA GC RE DISTRI2B         0000000000000000001503M
0530066    10901EUR2 00020401075B1021225     LIBSEPA-F-ZR25-0416591
0530066    10901EUR2 00020401075B1021225     RIBFR7617118820080000001873666          GOAAFRP1
0530066    10901EUR2 00020401075B1021225     NOMGC RE DISTRI2B                     SUPREME PLAYER
0530066    10901EUR2 00020401075B1021225     NBEGC RE DISTRI2B
0530066    10901EUR2 00020401075B1021225     IBEDE56ALH00002197951
0530066    10901EUR2 00020401075B1021225     NPYSUPREME PLAYER
0530066    10901EUR2 00020401075B1021225     LCCSEPA-F-ZR25-0416591
0530066    10901EUR2 00020401075B1021225     RCND-004DK8Q996PW
0530066    10901EUR2 00020401075B1021225     REFEUSEPADR-004DK8Q996PW
0530066    10901EUR2 00020401075B1021225     RUM4AJK8VX
0530066    10901EUR2 00020401075B1021225     CPYFR7630066109010002040570177
0430066916210901EUR2 00020401075B1021225  021225PRLV SEPA GC RE DISTRI2B         0000000000000000001697L
0530066    10901EUR2 00020401075B1021225     LIBSEPA-F-ZR25-0418256
0530066    10901EUR2 00020401075B1021225     RIBFR7617118820080000001873666          GOAAFRP1
0530066    10901EUR2 00020401075B1021225     NOMGC RE DISTRI2B                     SUPREME PLAYER
0530066    10901EUR2 00020401075B1021225     NBEGC RE DISTRI2B
0530066    10901EUR2 00020401075B1021225     IBEDE56ALH00002197951
0530066    10901EUR2 00020401075B1021225     NPYSUPREME PLAYER
0530066    10901EUR2 00020401075B1021225     LCCSEPA-F-ZR25-0418256
0530066    10901EUR2 00020401075B1021225     RCND-004DN94HE8DT
0530066    10901EUR2 00020401075B1021225     REFEUSEPADR-004DN94HE8DT
0530066    10901EUR2 00020401075B1021225     RUM4AJK8VX
0530066    10901EUR2 00020401075B1021225     CPYFR7630066109010002040570177
0430066916210901EUR2 00020401075B1021225  021225PRLV SEPA GC RE DISTRI2B         0000000000000000002410J
0530066    10901EUR2 00020401075B1021225     LIBSEPA-F-ZR25-0415441
0530066    10901EUR2 00020401075B1021225     RIBFR7617118820080000001873666          GOAAFRP1
0530066    10901EUR2 00020401075B1021225     NOMGC RE DISTRI2B                     SUPREME PLAYER
0530066    10901EUR2 00020401075B1021225     NBEGC RE DISTRI2B
0530066    10901EUR2 00020401075B1021225     IBEDE56ALH00002197951
0530066    10901EUR2 00020401075B1021225     NPYSUPREME PLAYER
0530066    10901EUR2 00020401075B1021225     LCCSEPA-F-ZR25-0415441
0530066    10901EUR2 00020401075B1021225     RCND-004DK3G88R4R
0530066    10901EUR2 00020401075B1021225     REFEUSEPADR-004DK3G88R4R
0530066    10901EUR2 00020401075B1021225     RUM4AJK8VX
0530066    10901EUR2 00020401075B1021225     CPYFR7630066109010002040570177
0430066916210901EUR2 00020401075B1021225  021225PRLV SEPA GC RE DISTRI2B         0000000000000000005029M
0530066    10901EUR2 00020401075B1021225     LIBSEPA-F-ZR25-0415481
0530066    10901EUR2 00020401075B1021225     RIBFR7617118820080000001873666          GOAAFRP1
0530066    10901EUR2 00020401075B1021225     NOMGC RE DISTRI2B                     SUPREME PLAYER
0530066    10901EUR2 00020401075B1021225     NBEGC RE DISTRI2B
0530066    10901EUR2 00020401075B1021225     IBEDE56ALH00002197951
0530066    10901EUR2 00020401075B1021225     NPYSUPREME PLAYER
0530066    10901EUR2 00020401075B1021225     LCCSEPA-F-ZR25-0415481
0530066    10901EUR2 00020401075B1021225     RCND-004DK4CDGTEG
0530066    10901EUR2 00020401075B1021225     REFEUSEPADR-004DK4CDGTEG
0530066    10901EUR2 00020401075B1021225     RUM4AJK8VX
0530066    10901EUR2 00020401075B1021225     CPYFR7630066109010002040570177
0430066916210901EUR2 00020401075B1021225  021225PRLV SEPA PAYPAL EUROPE S.A.R.L  0000000000000000000585R
0530066    10901EUR2 00020401075B1021225     LIB1046585640388/PAYPAL
0530066    10901EUR2 00020401075B1021225     RIBLU89751000135104200E                 PPLXLUL2
0530066    10901EUR2 00020401075B1021225     NOMPAYPAL EUROPE S.A.R.L. ET CIE S.C.ASUPREME PLAYER
0530066    10901EUR2 00020401075B1021225     NBEPAYPAL EUROPE S.A.R.L. ET CIE S.C.A 22-24 BOULEVARD ROYAL  2449 LUXEMB
0530066    10901EUR2 00020401075B1021225     IBELU96ZZZ0000000000000000058
0530066    10901EUR2 00020401075B1021225     NPYSUPREME PLAYER
0530066    10901EUR2 00020401075B1021225     LCC1046585640388/PAYPAL
0530066    10901EUR2 00020401075B1021225     RCN1046585640388
0530066    10901EUR2 00020401075B1021225     RUM53UJ2255ENG2Y
0530066    10901EUR2 00020401075B1021225     CPYFR7630066109010002040570177
0430066072210901EUR2 0002040107572021225  011225ECH PRET CAP IN 10901 204057 02  0000000100000000014126L
0530066    10901EUR2 0002040107572021225     LIBTAUX  3 65000 INT      193 24
0430066039010901EUR2 0002040107530021225  041225REMCB00665 NB0001 TPE725557901   0800665 00000000000840{
0430066039010901EUR2 0002040107530021225  041225REMCB00300 NB0002 TPE725557901   0800300 00000000001180{
0430066039710901EUR2 0002040107562021225  041225COMCB00300 NB0002 TPE725557901   0800300100000000000010}
0430066039710901EUR2 0002040107562021225  041225COMCB00665 NB0001 TPE725557901   0800665100000000000007K
0730066    10901EUR2 00020401075  021225                                                  0000000360655B
0130087    33790EUR2 00020291031  011225CITY GIRL                        COMPTE COURANT   0000000007916I021225021225
0730087    33790EUR2 00020291031  021225                                                  0000000007916I
0130066    10920EUR2 00020221083  011225JOBDOCTOR                     JOBDOCTOR SAS       0000000438405D021225021225
0730066    10920EUR2 00020221083  021225                                                  0000000438405D
0130087    33850EUR2 00021151047  011225JOURDIN STEPHANE                                  0000000039833D021225021225
0730087    33850EUR2 00021151047  021225                                                  0000000039833D
0130027    16006EUR2 00020192007  011225DUMAS JULIETTE                                    0000002489837H021225021225
0430027916216006EUR2 00020192007B1021225  021225PRLV SEPA LA MONDIALE            0000000000000000003783P
0530027    16006EUR2 00020192007B1021225     LIBLA MONDIALE/RA20446445700020251
0530027    16006EUR2 00020192007B1021225     LIB4106745/NWRA20446445700020190215142
0530027    16006EUR2 00020192007B1021225     RIBFR7630004005150001610005507          BNPAFRPPXXX
0530027    16006EUR2 00020192007B1021225     NOMLA MONDIALE                        SAS VERTIKA
0530027    16006EUR2 00020192007B1021225     NBELA MONDIALE
0530027    16006EUR2 00020192007B1021225     IBEFR65BMZ005436
0530027    16006EUR2 00020192007B1021225     NPYSAS VERTIKA
0530027    16006EUR2 00020192007B1021225     LCCLA MONDIALE/RA2044644570002025120194106745/NWRA20446445700020190215142
0530027    16006EUR2 00020192007B1021225     LC22572
0530027    16006EUR2 00020192007B1021225     RCNRA2044644570002025120194106745
0530027    16006EUR2 00020192007B1021225     REF001020
0530027    16006EUR2 00020192007B1021225     RUMNWRA204464457000201902151422572
0530027    16006EUR2 00020192007B1021225     CPYFR7630027160060002019700273
0430027900216006EUR2 0002019200706021225  021225VIR REGLEMENTS FOURNISSEURS      0000000000000000016000}
0430027900216006EUR2 0002019200706021225  021225VIR NOTE DE FRAIS                0000000000000000015605O
0730027    16006EUR2 00020192007  021225                                                  0000002454448E
0110278    06347EUR2 00021601086  011225SCI CAMPUS                       COMPTE COURANT   0000000101365F021225021225
0410278038106347EUR2 0002160108628021225  021225PAIEMENT CB  0112 PARIS 10       0000000000000000001200}
0510278    06347EUR2 0002160108628021225     LIBSNCF-VOYAGEURS   CARTE 6922
0710278    06347EUR2 00021601086  021225                                                  0000000100165F
0130066    10933EUR2 00020061071  011225SCI LES PETITS PRES              COMPTE COURANT   0000000005421}021225021225
0730066    10933EUR2 00020061071  021225                                                  0000000005421}
0110278    06078EUR2 00020251097  011225POYO                             COMPTE COURANT   0000000113734L021225021225
0410278025006078EUR2 0002025109702021225  031225REM CHQ REF06078A05              0000000 00000000006898H000001
0710278    06078EUR2 00020251097  021225                                                  0000000106835N
0130066    10132EUR2 00020161068  011225LA PAUSE DETENTE                 COMPTE COURANT   0000000000649{021225021225
0430066916210132EUR2 00020161068B1021225  021225PRLV SEPA ONEY BANQUE ACCORD     0000000000000000000025}
0530066    10132EUR2 00020161068B1021225     LIBGC 02263515215*GC 02263515215
0530066    10132EUR2 00020161068B1021225     RIBFR7612869000010001210026035          BACCFR22XXX
0530066    10132EUR2 00020161068B1021225     NOMONEY BANQUE ACCORD                 GABETTY
0530066    10132EUR2 00020161068B1021225     NBEONEY BANQUE ACCORD
0530066    10132EUR2 00020161068B1021225     IBEFR56CLT157791
0530066    10132EUR2 00020161068B1021225     NPYGABETTY
0530066    10132EUR2 00020161068B1021225     LCCGC 02263515215*GC 02263515215
0530066    10132EUR2 00020161068B1021225     RCN02263515215
0530066    10132EUR2 00020161068B1021225     REFT253300003692824
0530066    10132EUR2 00020161068B1021225     RUM19F696CE823B478887F56CEC163F22BB
0530066    10132EUR2 00020161068B1021225     CPYFR7630066101320002016860168
0730066    10132EUR2 00020161068  021225                                                  0000000000624{
0130087    33700EUR2 00021821055  011225GHTE22600                                         0000000285968A021225021225
0430087931433700EUR2 0002182105506021225  021225VIR ERREUR REGLT WENDEL F.BR826  0000000000000000050000}
0430087907533700EUR2 00021821055C1021225  021225VIR INST BONNIN FACT02122025     2122025000000000007000}
0530087    33700EUR2 00021821055C1021225     LIBVG53363M94K9HV01
0730087    33700EUR2 00021821055  021225                                                  0000000228968A
0130066    11018EUR2 00035472035  011225CR OPTIQUE                       COMPTE MUTUELLE  0000000894972{021225021225
0430066900211018EUR2 0003547203506021225  021225VIR CARTE CADEAUX 2025 NOEL      0000000000000000012510}
0730066    11018EUR2 00035472035  021225                                                  0000000882462{
0130027    17127EUR2 00020251015  011225SIVASOORIYALINGAM SIVALOGINI     COMPTE COURANT   0000001058375{021225021225
0430027038117127EUR2 0002025101528011225  011225PAIEMENT CB  2811 PAYLI2441535/  2441535000000000000719J
0530027    17127EUR2 0002025101528011225     LIBAMAZON PAYMENTS  CARTE 5442
0430027916217127EUR2 00020251015B1021225  021225PRLV SEPA METRO FRANCE S.A.S.-M  0000000000000000005946L
0530027    17127EUR2 00020251015B1021225     LIB/INV/0055.002229
0530027    17127EUR2 00020251015B1021225     RIBFR7630003041700002019142943          SOGEFRPPXXX
0530027    17127EUR2 00020251015B1021225     NOMMETRO FRANCE S.A.S.-METRO FRANCE   MP RESTAURATION
0530027    17127EUR2 00020251015B1021225     NBEMETRO FRANCE S.A.S.-METRO FRANCE    NANTERRE
0530027    17127EUR2 00020251015B1021225     IBEFR17ZZZ452888
0530027    17127EUR2 00020251015B1021225     NPYMP RESTAURATION
0530027    17127EUR2 00020251015B1021225     LCC/INV/0055.002229
0530027    17127EUR2 00020251015B1021225     RCN03811405512026
0530027    17127EUR2 00020251015B1021225     REF03811405512026
0530027    17127EUR2 00020251015B1021225     RUMCMR000075156401
0530027    17127EUR2 00020251015B1021225     CPYFR7630027171270002025510151
0430027916217127EUR2 00020251015B1021225  021225PRLV SEPA SWILE                  0000000000000000000083K
0530027    17127EUR2 00020251015B1021225     LIBSWILE TRANSFER-45931-8056880
0530027    17127EUR2 00020251015B1021225     RIBFR7630004024780001161339713          BNPAFRPPXXX
0530027    17127EUR2 00020251015B1021225     NOMSWILE                              SARL MP RESTAURATION
0530027    17127EUR2 00020251015B1021225     NBESWILE
0530027    17127EUR2 00020251015B1021225     IBEFR74ZZZ838795
0530027    17127EUR2 00020251015B1021225     NPYSARL MP RESTAURATION
0530027    17127EUR2 00020251015B1021225     LCCSWILE TRANSFER-45931-8056880
0530027    17127EUR2 00020251015B1021225     RCNDCF252FFC3044E898A033E0811236824
0530027    17127EUR2 00020251015B1021225     REFDCF252FFC3044E898A033E0811236824
0530027    17127EUR2 00020251015B1021225     RUMSWILE-83055710400015-030620
0530027    17127EUR2 00020251015B1021225     CPYFR7630027171270002025510151
0430027916217127EUR2 00020251015B1021225  021225PRLV SEPA AQCF (EURL)            0000000000000000002805}
0530027    17127EUR2 00020251015B1021225     RIBFR7630004001080001020021140          BNPAFRPPXXX
0530027    17127EUR2 00020251015B1021225     NOMAQCF (EURL)                        SARL MP RESTAURATION
0530027    17127EUR2 00020251015B1021225     NBEAQCF (EURL)
0530027    17127EUR2 00020251015B1021225     IBEFR06ZZZ566382
0530027    17127EUR2 00020251015B1021225     NPYSARL MP RESTAURATION
0530027    17127EUR2 00020251015B1021225     RCN2511240933
0530027    17127EUR2 00020251015B1021225     REF2511240933
0530027    17127EUR2 00020251015B1021225     RUM5027
0530027    17127EUR2 00020251015B1021225     CPYFR7630027171270002025510151
0430027038117127EUR2 0002025101528011225  011225PAIEMENT CB  3011 CORK           0000000000000000000389R
0530027    17127EUR2 0002025101528011225     LIBAPPLE.COM/BILL   CARTE 5442
0430027039017127EUR2 0002025101530021225  041225REMCB00842 NB0016 TPE716671201   0800842 00000000017962D
0430027039017127EUR2 0002025101530021225  041225REMCB00938 NB0002 TPE718217201   0800938 00000000002242F
0430027039017127EUR2 0002025101530021225  041225REMCB00885 NB0004 TPE718217201   0800885 00000000002572{
0430027039017127EUR2 0002025101530021225  041225REMCB00817 NB0019 TPE716671201   0800817 00000000008027E
0430027039717127EUR2 0002025101562021225  041225COMCB00885 NB0004 TPE718217201   0800885100000000000009J
0430027039717127EUR2 0002025101562021225  041225COMCB00842 NB0016 TPE716671201   0800842100000000000067K
0430027039717127EUR2 0002025101562021225  041225COMCB00938 NB0002 TPE718217201   0800938100000000000019L
0430027039717127EUR2 0002025101562021225  041225COMCB00817 NB0019 TPE716671201   0800817100000000000034N
0430027032017127EUR2 0002025101512021225  021225REJ FONTAINE GUIL COMPTE SOLDE   0000000 00000000024038F
0530027    17127EUR2 0002025101512021225     LIBVIREMENT MP RESTAURATION
0530027    17127EUR2 0002025101512021225     RIBFR3020041010124994438C03317          PSSTFRPPSCE
0530027    17127EUR2 0002025101512021225     NOMMP RESTAURATION                    FONTAINE GUILLAUME
0530027    17127EUR2 0002025101512021225     NBEFONTAINE GUILLAUME
0530027    17127EUR2 0002025101512021225     NPYMP RESTAURATION
0530027    17127EUR2 0002025101512021225     LCCVIREMENT MP RESTAURATION
0530027    17127EUR2 0002025101512021225     RCNMPRESTAUR-488385-112025121225-7
0530027    17127EUR2 0002025101512021225     REF-----------------------------------
0530027    17127EUR2 0002025101512021225     CBEFR3020041010124994438C03317
0530027    17127EUR2 0002025101512021225     CPYFR7630027171270002025510151
0430027930517127EUR2 0002025101518021225  021225VIR ZENCHEF                      0000000 00000000007311{
0530027    17127EUR2 0002025101518021225     LIB30027-12-25336715010909
0530027    17127EUR2 0002025101518021225     LIBN7BG42CD7
0530027    17127EUR2 0002025101518021225     NOMZENCHEF                            MP RESTAURATION
0530027    17127EUR2 0002025101518021225     NBEMP RESTAURATION
0530027    17127EUR2 0002025101518021225     NPYZENCHEF
0530027    17127EUR2 0002025101518021225     LCCEXT BAL SWEEP SWPE42DD322322235NJT3N7BG42CD7
0530027    17127EUR2 0002025101518021225     RCN30027-12-25336715010909
0530027    17127EUR2 0002025101518021225     CBEFR7630027171270002025510151
0430027907517127EUR2 00020251015C1021225  021225VIR INST SALAIRE FONTAINE        0000000000000000024038O
0530027    17127EUR2 00020251015C1021225     LIBVK53363FCPKLMX01
0430027907517127EUR2 00020251015C1021225  021225VIR INST BOULANGERIE LE HECH OC  0000000000000000012421O
0530027    17127EUR2 00020251015C1021225     LIBVK53363QF4FVBH01
0430027907517127EUR2 00020251015C1021225  021225VIR INST F O BONHEUR DE NOS GEN  0000000000000000007406J
0530027    17127EUR2 00020251015C1021225     LIBVK53363QKYAJKU01
0430027038117127EUR2 0002025101528021225  021225PAIEMENT CB  2911 75008 PARIS    0000000000000000000970}
0530027    17127EUR2 0002025101528021225     LIBPARKING* YESPARK CARTE 5442
0730027    17127EUR2 00020251015  021225                                                  0000001065619B
0130066    10105EUR2 00010001031  011225AP LESAGE                        COMPTE COURANT   0000002125560E021225021225
0730066    10105EUR2 00010001031  021225                                                  0000002125560E
0130066    10271EUR2 00020571037  011225MR DAVEAU XAVIER              MR DAVEAU XAVIER    0000000077769I021225021225
0430066039010271EUR2 0002057103730021225  051225REMCB00717 NB0016 TPE600424601   0800717 00000000003750{
0430066039010271EUR2 0002057103730021225  051225REMCB00380 NB0004 TPE600424601   0800380 00000000001899{
0430066039710271EUR2 0002057103762021225  051225COMCB00380 NB0004 TPE600424601   0800380100000000000012M
0430066039710271EUR2 0002057103762021225  051225COMCB00717 NB0016 TPE600424601   0800717100000000000024O
0430066907510271EUR2 00020571037C1021225  021225VIR INST C C INTERNATIONAL       0000000000000000010225Q
0530066    10271EUR2 00020571037C1021225     LIBVK533634WMMMZ701
0430066907510271EUR2 00020571037C1021225  021225VIR INST CLAIR INTERNATIONAL SA  0000000000000000048771}
0530066    10271EUR2 00020571037C1021225     LIBVK533634Z73YVJ01
0430066907510271EUR2 00020571037C1021225  021225VIR INST CLAIR INTERNATIONAL SA  0000000000000000019228Q
0530066    10271EUR2 00020571037C1021225     LIBVK5336351CT7ZY01
0730066    10271EUR2 00020571037  021225                                                  0000000005156C
0130066    10150EUR2 00020471092  011225L ABAT JOUR                      COMPTE COURANT   0000000064933K021225021225
0430066038110150EUR2 0002047109228011225  011225PAIEMENT CB  2811 28630 BERCHER  0000000000000000000900}
0530066    10150EUR2 0002047109228011225     LIBLAPRO-SMH  GROUP CARTE 6885
0430066038110150EUR2 0002047109228011225  011225PAIEMENT CB  2911 SARTROUVILLE   0000000000000000002940}
0530066    10150EUR2 0002047109228011225     LIBUNIKALO          CARTE 6885
0430066038110150EUR2 0002047109228011225  011225PAIEMENT CB  2811 0011 HERBLAY/  0000000000000000001499O
0530066    10150EUR2 0002047109228011225     LIBDECATHLON HERBLA CARTE 6885
0430066038110150EUR2 0002047109228011225  011225PAIEMENT PSC 2811 FR HERBLAY     0000000000000000000360}
0530066    10150EUR2 0002047109228011225     LIBSPORTSDIRECT COM CARTE 6885
0730066    10150EUR2 00020471092  021225                                                  0000000070632Q
0130066    10271EUR2 00020741070  011225SAS NOOSA PIZZA   SERVAIS INGRID COMPTE COURANT   0000000049490D021225021225
0430066079910271EUR2 0002074107091011225  011225RB.IMP 10/25 1027120740702       0740702000000000001722Q
0530066    10271EUR2 0002074107091011225     LIB00020740702 AMO
0430066079910271EUR2 0002074107091011225  011225RB.IMP 11/25 1027120740702       0740702000000000021411N
0530066    10271EUR2 0002074107091011225     LIB00020740702 AMO
0730066    10271EUR2 00020741070  021225                                                  0000000026356A
0130087    33850EUR2 00071191082  011225THEMA PLUS SARL               THEMA PLUS SARL     0000002008471C021225021225
0430087900233850EUR2 0007119108206021225  021225VIR ANTANA                       0000000000000000273034J
0430087907833850EUR2 00071191082C2021225  021225VIR INST GOCARDLESS SAS          0000000 00000000023506I
0530087    33850EUR2 00071191082C2021225     LIBFCANTANA-ME8K6BHAB
0530087    33850EUR2 00071191082C2021225     NOMGOCARDLESS SAS                     ANTANA
0530087    33850EUR2 00071191082C2021225     NBEANTANA
0530087    33850EUR2 00071191082C2021225     NPYGOCARDLESS SAS
0530087    33850EUR2 00071191082C2021225     LCCFCANTANA-ME8K6BHAB
0530087    33850EUR2 00071191082C2021225     RCNC-00037EQKWC4W
0430087930533850EUR2 0007119108218021225  021225VIR MME LINDON RACHEL            0000000 00000000004380{
0530087    33850EUR2 0007119108218021225     LIB30087-20-25336810018993
0530087    33850EUR2 0007119108218021225     NOMMME LINDON RACHEL                  ANTANA
0530087    33850EUR2 0007119108218021225     NBEANTANA
0530087    33850EUR2 0007119108218021225     NPYMME LINDON RACHEL
0530087    33850EUR2 0007119108218021225     LCC1769
0530087    33850EUR2 0007119108218021225     RCN30087-20-25336810018993
0530087    33850EUR2 0007119108218021225     REF2025-12-02-00.04.14.980867
0530087    33850EUR2 0007119108218021225     CBEFR7630087338500007119280164
0730087    33850EUR2 00071191082  021225                                                  0000001763324A
0110278    06012EUR2 00020561087  011225RIK                              COMPTE COURANT   0000000228496C021225021225
0410278025006012EUR2 0002056108702011225  021225REM CHQ N9704196  REF1027806365  7806365 00000000041083H000030
0410278907806012EUR2 00020561087C2021225  021225VIR INST MME JOHRA MEZIANI       0000000 00000000002400{
0510278    06012EUR2 00020561087C2021225     LIBVIR DE MME JOHRA MEZIANI
0510278    06012EUR2 00020561087C2021225     NOMMME JOHRA MEZIANI                  ARTS DANSE ACADEMY HERBLAY
0510278    06012EUR2 00020561087C2021225     NBEARTS DANSE ACADEMY HERBLAY         43 RUE DU GENERAL DE GAULLE
0510278    06012EUR2 00020561087C2021225     IBE                                   HERBLAY
0510278    06012EUR2 00020561087C2021225     NPYMME JOHRA MEZIANI
0510278    06012EUR2 00020561087C2021225     LCCVIR DE MME JOHRA MEZIANI
0510278    06012EUR2 00020561087C2021225     RCNVK533624V9Z0BZ01
0410278900206012EUR2 0002056108706021225  021225VIR M. DOS SANTOS FACT 11/2025   0000000000000000004500}
0410278930506012EUR2 0002056108718021225  021225VIR MLE CATHERINE BOUCRAUT       0000000 00000000001550{
0510278    06012EUR2 0002056108718021225     LIBBOUCRAUT BOUZEREAU ADAH DEC
0510278    06012EUR2 0002056108718021225     NOMMLE CATHERINE BOUCRAUT             ARTS DANSE ACADEMY HERBLAY
0510278    06012EUR2 0002056108718021225     NBEARTS DANSE ACADEMY HERBLAY
0510278    06012EUR2 0002056108718021225     NPYMLE CATHERINE BOUCRAUT
0510278    06012EUR2 0002056108718021225     LCCBOUCRAUT BOUZEREAU ADAH DEC
0510278    06012EUR2 0002056108718021225     RCNBOUCRAUT BOUZEREAU ADAH DEC
0510278    06012EUR2 0002056108718021225     CBEFR7610278060120002056780141
0410278025006012EUR2 0002056108702021225  031225REM CHQ N9731933  REF1027806365  7806365 00000000031533F000030
0710278    06012EUR2 00020561087  021225                                                  0000000300563G
0130066    11018EUR2 00027471061  011225V2M AVENIR                       COMPTE COURANT   0000015769372{021225021225
0430066038111018EUR2 0002747106128011225  011225PAIEMENT CB  2811 PAYLI2090401/  2090401000000000000199R
0530066    11018EUR2 0002747106128011225     LIBAMAZON EU SARL   CARTE 9090
0430066900211018EUR2 0002747106106021225  021225VIR EFFICIENCE 2025017777        5017777000000000004100}
0430066900211018EUR2 0002747106106021225  021225VIR 25-127 M P MENAGE GM MARS25  0000000000000000007648K
0430066900211018EUR2 0002747106106021225  021225VIR 25-126 M P MENAGE PVC 0325   0000000000000000006105K
0430066900211018EUR2 0002747106106021225  021225VIR 25-128 M P MENAGE ND 03/25   0000000000000000014545M
0430066900211018EUR2 0002747106106021225  021225VIR 25-724 RESEAUCLEAN NOV25     0000000000000000044412}
0430066900211018EUR2 0002747106106021225  021225VIR 25-721 ACEPRINT FA25-11-099  0000000000000000026580}
0430066900211018EUR2 0002747106106021225  021225VIR 25-725 FRANCILIANE/EAU PVC   0000000000000000000062}
0430066900211018EUR2 0002747106106021225  021225VIR 25-726 ABH LOYER ND 11/25    0000000000000000052289Q
0430066900211018EUR2 0002747106106021225  021225VIR 25-727 ABH LOYER GP 11/25    0000000000000000011012K
0430066900211018EUR2 0002747106106021225  021225VIR 25-723 INTVENT/AT.TOP/ CEJ   0000000000000000005700}
0430066900211018EUR2 0002747106106021225  021225VIR 25-765 IP2S - SITE GP        0000000000000000001392}
0430066038111018EUR2 0002747106128021225  021225PAIEMENT PSC 0112 ARGENT.C.VILL  0000000000000000000242}
0530066    11018EUR2 0002747106128021225     LIBLAPOSTE L959570  CARTE 9090
0430066038111018EUR2 0002747106128021225  021225PAIEMENT CB  0112 ARGENTEUIL     0000000000000000009536O
0530066    11018EUR2 0002747106128021225     LIBJDB08003623075   CARTE 9090
0730066    11018EUR2 00027471061  021225                                                  0000015585546G
0130066    10271EUR2 00020581011  011225SAVANE & MOUSSON STREET FOOD     COMPTE COURANT   0000000246606G021225021225
0430066930510271EUR2 0002058101118021225  021225VIR SANA                         0000000 00000000100099B
0530066    10271EUR2 0002058101118021225     LIBFA00000442
0530066    10271EUR2 0002058101118021225     NOMSANA                               CITY GIRL CIC
0530066    10271EUR2 0002058101118021225     NBECITY GIRL CIC
0530066    10271EUR2 0002058101118021225     NPYSANA
0530066    10271EUR2 0002058101118021225     LCCFA00000442
0530066    10271EUR2 0002058101118021225     RCNFA00000442
0530066    10271EUR2 0002058101118021225     CBEFR7630066102710002058110146
0430066916210271EUR2 00020581011B1021225  021225PRLV SEPA VERISURE               0000000000000000003600}
0530066    10271EUR2 00020581011B1021225     LIB89921551
0530066    10271EUR2 00020581011B1021225     RIBFR7630004002740001108799258          BNPAFRPPXXX
0530066    10271EUR2 00020581011B1021225     NOMVERISURE                           STE CITY GIRL
0530066    10271EUR2 00020581011B1021225     NBEVERISURE
0530066    10271EUR2 00020581011B1021225     IBEFR93ZZZ324159
0530066    10271EUR2 00020581011B1021225     NPYSTE CITY GIRL
0530066    10271EUR2 00020581011B1021225     LCC89921551
0530066    10271EUR2 00020581011B1021225     RCN20251128135557-166319-3531
0530066    10271EUR2 00020581011B1021225     RUM1710707
0530066    10271EUR2 00020581011B1021225     CPYFR7630066102710002058110146
0430066039010271EUR2 0002058101130021225  041225REMCB01317 NB0011 TPE600424801   0801317 00000000008391{
0430066039010271EUR2 0002058101130021225  041225REMCB01423 NB0062 TPE600424801   0801423 00000000014023{
0430066039710271EUR2 0002058101162021225  041225COMCB01423 NB0062 TPE600424801   0801423100000000000042J
0430066039710271EUR2 0002058101162021225  041225COMCB01317 NB0011 TPE600424801   0801317100000000000025J
0430066900210271EUR2 0002058101106021225  021225VIR SIRET 3928                   0000000000000000222500}
0430066900210271EUR2 0002058101106021225  021225VIR ZE BEAUTY SUPPLY             0000000000000000093783O
0730066    10271EUR2 00020581011  021225                                                  0000000049169A
0130027    17127EUR2 00020281091  011225MR CARTON MATTHIEU               COMPTE COURANT   0000000004803{021225021225
0430027930517127EUR2 0002028109118021225  021225VIR ECH 02/12/2025 PERNOD RICAR  0000000 00000000017742{
0530027    17127EUR2 0002028109118021225     LIBSELON AVIS SEPARE DU 01/12/2025
0530027    17127EUR2 0002028109118021225     LIBSELON AVIS SEPARE DU 01/12/2025
0530027    17127EUR2 0002028109118021225     NOMPERNOD RICARD FRANCE               MP INVEST
0530027    17127EUR2 0002028109118021225     NBEMP INVEST
0530027    17127EUR2 0002028109118021225     NPYPERNOD RICARD FRANCE
0530027    17127EUR2 0002028109118021225     LCCVIR ECH 02/12/2025 PERNOD RICARD FRSELON AVIS SEPARE DU 01/12/2025
0530027    17127EUR2 0002028109118021225     RCNNO REF
0530027    17127EUR2 0002028109118021225     CBEFR7630027171270002028190164
0730027    17127EUR2 00020281091  021225                                                  0000000022545{
0130087    33850EUR2 00021161047  011225SCI GHTE22600                                     0000000251778G021225021225
0730087    33850EUR2 00021161047  021225                                                  0000000251778G
0130066    10271EUR2 00020811037  011225RAVIMMO                          COMPTE COURANT   0000000022542G021225021225
0430066011710271EUR2 0002081103762281125  281125 F COMMISSION D INTERVENTION     0000000100000000000198}
0430066039010271EUR2 0002081103730021225  041225REMCB00797 NB0082 TPE726500701   0800797 00000000012978{
0430066039010271EUR2 0002081103730021225  041225REMCB00768 NB0004 TPE726500701   0800768 00000000001907F
0430066039710271EUR2 0002081103762021225  041225COMCB00768 NB0004 TPE726500701   0800768100000000000015L
0430066039710271EUR2 0002081103762021225  041225COMCB00797 NB0082 TPE726500701   0800797100000000000116Q
0430066931410271EUR2 0002081103706021225  021225VIR FACTURE DARBO                0000000000000000030000}
0430066079910271EUR2 0002081103791011225  011225RB.IMP 11/25 1027120817304       0817304000000000021851O
0530066    10271EUR2 0002081103791011225     LIB00020817304 AMO
0430066930510271EUR2 0002081103718021225  021225VIR CRAZY POUSS                  0000000 00000000002537C
0530066    10271EUR2 0002081103718021225     LIBSCTS251202100427729-65613-71937
0530066    10271EUR2 0002081103718021225     NOMCRAZY POUSS                        CRAZY POUSS
0530066    10271EUR2 0002081103718021225     NBECRAZY POUSS
0530066    10271EUR2 0002081103718021225     NPYCRAZY POUSS
0530066    10271EUR2 0002081103718021225     LCCVIR TRESO NOELSE PAY - 10000065613
0530066    10271EUR2 0002081103718021225     RCNSCTS251202100427729-65613-71937
0530066    10271EUR2 0002081103718021225     REFT253360004576802
0530066    10271EUR2 0002081103718021225     CBEFR7630066102710002081730131
0430066930510271EUR2 0002081103718021225  021225VIR AMEX AMEXSCT805777447304933  7304933 00000000000250{
0530066    10271EUR2 0002081103718021225     LIBAMERICAN EXPRESS/SE8057774473/D
0530066    10271EUR2 0002081103718021225     LIB51201/TR1/GR25.00/DI0.00
0530066    10271EUR2 0002081103718021225     NOMAMERICAN EXPRESS PAYMENTS EUROPE SLINAYA BEAUTY
0530066    10271EUR2 0002081103718021225     NBEINAYA BEAUTY
0530066    10271EUR2 0002081103718021225     NPYAMERICAN EXPRESS PAYMENTS EUROPE SL
0530066    10271EUR2 0002081103718021225     LCCAMERICAN EXPRESS/SE8057774473/DT20251201/TR1/GR25.00/DI0.00
0530066    10271EUR2 0002081103718021225     RCNAMEXSCT80577744730493351249037T39
0530066    10271EUR2 0002081103718021225     CBEFR7630066102710002081730131
0430066930510271EUR2 0002081103718021225  021225VIR AMEX AMEXSCT805271747704933  7704933 00000000000814{
0530066    10271EUR2 0002081103718021225     LIBAMERICAN EXPRESS/SE8052717477/D
0530066    10271EUR2 0002081103718021225     LIB51130/TR1/GR81.40/DI0.00
0530066    10271EUR2 0002081103718021225     NOMAMERICAN EXPRESS PAYMENTS EUROPE SLINAYA BEAUTY
0530066    10271EUR2 0002081103718021225     NBEINAYA BEAUTY
0530066    10271EUR2 0002081103718021225     NPYAMERICAN EXPRESS PAYMENTS EUROPE SL
0530066    10271EUR2 0002081103718021225     LCCAMERICAN EXPRESS/SE8052717477/DT20251130/TR1/GR81.40/DI0.00
0530066    10271EUR2 0002081103718021225     RCNAMEXSCT80527174770493350949737T39
0530066    10271EUR2 0002081103718021225     CBEFR7630066102710002081730131
0730066    10271EUR2 00020811037  021225                                                  0000000011152J
0110278    06041EUR2 00020851002  011225DEGRAEVE JULIEN                  COMPTE COURANT   0000000034751{021225021225
0710278    06041EUR2 00020851002  021225                                                  0000000034751{
0130066    10012EUR2 00020051040  011225PHARMACIE DE L ALISIER           COMPTE COURANT   0000000148987I021225021225
0730066    10012EUR2 00020051040  021225                                                  0000000148987I
0130066    10933EUR2 00020051008  011225LA FERME                         COMPTE COURANT   0000000019615D021225021225
0430066024010933EUR2 0002005100801021225  011225CHEQUE 2129184                   2129184000000000000400}
0730066    10933EUR2 00020051008  021225                                                  0000000019215D
0130066    10906EUR2 00010525021  011225THOMAS FRUCHART FLEURISTE        COMPTE COURANT   0000000085754I021225021225
0430066900610906EUR2 0001052502118021225  021225SOAN WEUILLY 02122025            2122025 00000000000500{
0530066    10906EUR2 0001052502118021225     LIBVK53362X6ZLF1101
0530066    10906EUR2 0001052502118021225     NOMMME AMELIE BELLMUNT
0530066    10906EUR2 0001052502118021225     NPYMME AMELIE BELLMUNT
0530066    10906EUR2 0001052502118021225     LCCSOAN WEUILLY 02122025
0530066    10906EUR2 0001052502118021225     RCNSOAN WEUILLY 02122025
0430066907810906EUR2 00010525021C2021225  021225VIR INST M OU MME LECOT GREGORY  0000000 00000000000500{
0530066    10906EUR2 00010525021C2021225     LIBVIREMENT DE M OU MME LECOT GREG
0530066    10906EUR2 00010525021C2021225     NOMM OU MME LECOT GREGORY             JACKIE CARDOT
0530066    10906EUR2 00010525021C2021225     NBEJACKIE CARDOT
0530066    10906EUR2 00010525021C2021225     NPYM OU MME LECOT GREGORY
0530066    10906EUR2 00010525021C2021225     LCCVIREMENT DE M OU MME LECOT GREGORY
0530066    10906EUR2 00010525021C2021225     RCNVIREMENT DE M OU MME LECOT GREGORY
0730066    10906EUR2 00010525021  021225                                                  0000000086754I
0110278    06075EUR2 00021341065  011225L ABAT JOUR                      COMPTE COURANT   0000000001062N021225021225
0710278    06075EUR2 00021341065  021225                                                  0000000001062N
0130087    33850EUR2 00071196082  011225ATELIER 467                      COMPTE COURANT   0000000168392I021225021225
0430087026433850EUR2 0007119608207021225  021225EFFET DOMICILIE   RELEVE 132834  0000000000000000005936K
0730087    33850EUR2 00071196082  021225                                                  0000000162456G
0130066    10301EUR2 00010831099  011225J.C.R                            COMPTE COURANT   0000000054695M021225021225
0730066    10301EUR2 00010831099  021225                                                  0000000054695M
0130066    10963EUR2 00020262054  011225S.C.I. DAM                       COMPTE COURANT   0000001263139B021225021225
0430066038110963EUR2 0002026205428021225  021225PAIEMENT CB  2911 ST AMBROIX     0000000000000000000893}
0530066    10963EUR2 0002026205428021225     LIBINTERMARCHE STA  CARTE 6477
0730066    10963EUR2 00020262054  021225                                                  0000001262246B
0130027    17127EUR2 00020382012  011225SNC LEITE 95                     SNC LEITE 95     0000000396132C021225021225
0430027038117127EUR2 0002038201228011225  011225PAIEMENT PSC 2811 L ISLE ADAM    0000000000000000000071M
0530027    17127EUR2 0002038201228011225     LIBLAPOSTE L953130  CARTE 7742
0430027916217127EUR2 00020382012B1021225  021225PRLV SEPA AQCF (EURL)            0000000000000000001458}
0530027    17127EUR2 00020382012B1021225     RIBFR7630004001080001020021140          BNPAFRPPXXX
0530027    17127EUR2 00020382012B1021225     NOMAQCF (EURL)                        LE FLORE
0530027    17127EUR2 00020382012B1021225     NBEAQCF (EURL)
0530027    17127EUR2 00020382012B1021225     IBEFR06ZZZ566382
0530027    17127EUR2 00020382012B1021225     NPYLE FLORE
0530027    17127EUR2 00020382012B1021225     RCNFA124775
0530027    17127EUR2 00020382012B1021225     REFFA124775
0530027    17127EUR2 00020382012B1021225     RUM7278
0530027    17127EUR2 00020382012B1021225     CPYFR7630027171270002038210264
0430027916217127EUR2 00020382012B1021225  021225PRLV SEPA PASSIONFROID PARIS NO  0000000000000000008535L
0530027    17127EUR2 00020382012B1021225     LIB/INV/8984602257 28.11.2025
0530027    17127EUR2 00020382012B1021225     RIBFR7630004008190001117625261          BNPAFRPPXXX
0530027    17127EUR2 00020382012B1021225     NOMPASSIONFROID PARIS NORD            CHAMBARTE
0530027    17127EUR2 00020382012B1021225     NBEPASSIONFROID PARIS NORD             RUE DU PALMER 4
0530027    17127EUR2 00020382012B1021225     IBEFR74ZZZ316644
0530027    17127EUR2 00020382012B1021225     NPYCHAMBARTE
0530027    17127EUR2 00020382012B1021225     LCC/INV/8984602257 28.11.2025
0530027    17127EUR2 00020382012B1021225     RCN0900201451
0530027    17127EUR2 00020382012B1021225     REF01-007209002014512026
0530027    17127EUR2 00020382012B1021225     RUM000072S000010141
0530027    17127EUR2 00020382012B1021225     CPYFR7630027171270002038210264
0430027916217127EUR2 00020382012B1021225  021225PRLV SEPA SWILE                  0000000000000000000021O
0530027    17127EUR2 00020382012B1021225     LIBSWILE TRANSFER-130395-8087966
0530027    17127EUR2 00020382012B1021225     RIBFR7630004024780001161339713          BNPAFRPPXXX
0530027    17127EUR2 00020382012B1021225     NOMSWILE                              SAS CHAMBARTE
0530027    17127EUR2 00020382012B1021225     NBESWILE
0530027    17127EUR2 00020382012B1021225     IBEFR74ZZZ838795
0530027    17127EUR2 00020382012B1021225     NPYSAS CHAMBARTE
0530027    17127EUR2 00020382012B1021225     LCCSWILE TRANSFER-130395-8087966
0530027    17127EUR2 00020382012B1021225     RCNB4860C7F62574A8F8381A03DF452C6FF
0530027    17127EUR2 00020382012B1021225     REFB4860C7F62574A8F8381A03DF452C6FF
0530027    17127EUR2 00020382012B1021225     RUMSWILE-79878219900011-250119
0530027    17127EUR2 00020382012B1021225     CPYFR7630027171270002038210264
0430027039017127EUR2 0002038201230021225  041225REMCB00835 NB0002 TPE719099401   0800835 00000000000610{
0430027039017127EUR2 0002038201230021225  041225REMCB00785 NB0005 TPE719103101   0800785 00000000002802{
0430027039017127EUR2 0002038201230021225  041225REMCB00783 NB0058 TPE719103101   0800783 00000000033822{
0430027039717127EUR2 0002038201262021225  041225COMCB00783 NB0058 TPE719103101   0800783100000000000202R
0430027039717127EUR2 0002038201262021225  041225COMCB00785 NB0005 TPE719103101   0800785100000000000009P
0430027039717127EUR2 0002038201262021225  041225COMCB00835 NB0002 TPE719099401   0800835100000000000002J
0430027038117127EUR2 0002038201228021225  021225PAIEMENT CB  2811 LISSES         0000000000000000001365N
0530027    17127EUR2 0002038201228021225     LIBTRUFFAUT         CARTE 6837
0430027038117127EUR2 0002038201228021225  021225PAIEMENT CB  0112 BOUILLARGUES   0000000000000000004320}
0530027    17127EUR2 0002038201228021225     LIBLEO2WEB          CARTE 7742
0730027    17127EUR2 00020382012  021225                                                  0000000417379H
0130066    10933EUR2 00020142087  011225MR CARTON MATTHIEU               COMPTE COURANT   0000000000000{021225021225
0730066    10933EUR2 00020142087  021225                                                  0000000000000{
0110278    06041EUR2 00021231042  011225TREXSO                           COMPTE COURANT   0000000000315D021225021225
0710278    06041EUR2 00021231042  021225                                                  0000000000315D
0130066    10920EUR2 00020451018  011225DOCTEUR CHRISTOPHE LEFEVRE SELAR                  0000000314828I021225021225
0430066930510920EUR2 0002045101818021225  021225VIR FINANCIERE CLORELICE         0000000 00000000341511{
0530066    10920EUR2 0002045101818021225     LIB032025332174797780000001
0530066    10920EUR2 0002045101818021225     LIB - FAC-2025-0061
0530066    10920EUR2 0002045101818021225     NOMFINANCIERE CLORELICE               CEZ RENOV
0530066    10920EUR2 0002045101818021225     NBECEZ RENOV
0530066    10920EUR2 0002045101818021225     NPYFINANCIERE CLORELICE
0530066    10920EUR2 0002045101818021225     LCCLIA 146 VGE - CEZ RENOV - ACOMPTE 2 - FAC-2025-0061
0530066    10920EUR2 0002045101818021225     RCN032025332174797780000001
0530066    10920EUR2 0002045101818021225     CBEFR7630066109200002045810123
0430066916210920EUR2 00020451018B1021225  021225PRLV SEPA PROBTP ADP-ASSOCIATIO  0000000000000000005499L
0530066    10920EUR2 00020451018B1021225     LIBCNRO 69790539.8801230 DU 301125
0530066    10920EUR2 00020451018B1021225     RIBFR7630003009500006734143187          SOGEFRPPXXX
0530066    10920EUR2 00020451018B1021225     NOMPROBTP ADP-ASSOCIATION DE PROTECTIOCEZ RENOV
0530066    10920EUR2 00020451018B1021225     NBEPROBTP ADP-ASSOCIATION DE PROTECTIO PARIS
0530066    10920EUR2 00020451018B1021225     IBEFR28ZZZ436588
0530066    10920EUR2 00020451018B1021225     NPYCEZ RENOV
0530066    10920EUR2 00020451018B1021225     LCCCNRO 69790539.8801230 DU 301125
0530066    10920EUR2 00020451018B1021225     RCNCNRO 69790539.8801230 DU 301125
0530066    10920EUR2 00020451018B1021225     RUMRU1E004337374M
0530066    10920EUR2 00020451018B1021225     CPYFR7630066109200002045810123
0430066907510920EUR2 00020451018C1021225  021225VIR INST SALAIRE NOVEMBRE        0000000000000000017800}
0530066    10920EUR2 00020451018C1021225     LIBVK53362PVFB2JL01
0430066907510920EUR2 00020451018C1021225  021225VIR INST SALAIRE NOVEMBRE        0000000000000000018138K
0530066    10920EUR2 00020451018C1021225     LIBVK53362PXV8K0N01
0430066907510920EUR2 00020451018C1021225  021225VIR INST SALAIRE NOVEMBRE        0000000000000000018000}
0530066    10920EUR2 00020451018C1021225     LIBVK53362PZRJG0301
0430066038110920EUR2 0002045101828021225  021225PAIEMENT CB  2811 SAINT BRICE S  0000000000000000001527J
0530066    10920EUR2 0002045101828021225     LIBPLATEFO 1592     CARTE 7935
0430066038110920EUR2 0002045101828021225  021225PAIEMENT CB  0112 MONTSOULT      0000000000000000000548L
0530066    10920EUR2 0002045101828021225     LIBADEO*LEROY MERLI CARTE 7935
0430066038110920EUR2 0002045101828021225  021225PAIEMENT CB  0112 L ISLE ADAM    0000000000000000000945M
0530066    10920EUR2 0002045101828021225     LIBMP*CARREFOUR DAC CARTE 7935
0430066038110920EUR2 0002045101828021225  021225PAIEMENT CB  0112 MONTIGNY LES   0000000000000000001476Q
0530066    10920EUR2 0002045101828021225     LIBLEROY MERLIN     CARTE 7935
0430066038110920EUR2 0002045101828021225  021225PAIEMENT CB  0112 L ISLE ADAM    0000000000000000002149R
0530066    10920EUR2 0002045101828021225     LIBLE HOLLOCO       CARTE 7935
0430066038110920EUR2 0002045101828021225  021225PAIEMENT PSC 0112 MONTIGNY LES   0000000000000000000082P
0530066    10920EUR2 0002045101828021225     LIBLEROY MERLIN     CARTE 7935
0730066    10920EUR2 00020451018  021225                                                  0000000590172B
0110096    18026EUR2 00073601030  011225MADEMOISELLE LAURENCE CLAUDINE   COMPTE COURANT   0000000003110O021225021225
0710096    18026EUR2 00073601030  021225                                                  0000000003110O
0130066    10221EUR2 00020001060  011225BREIZH EXOTIK EPICERIE                            0000000031829D021225021225
0730066    10221EUR2 00020001060  021225                                                  0000000031829D
0110278    06347EUR2 00018070487  011225RL DARNA                         COMPTE COURANT   0000000170381I021225021225
0410278025006347EUR2 0001807048702021225  031225REM CHQ REF06346A03              0000000 00000000030164{000020
0410278930506347EUR2 0001807048718021225  021225VIR MR MME CEDRIC FAURY          0000000 00000000004736F
0510278    06347EUR2 0001807048718021225     LIB10278-20-25336330032246
0510278    06347EUR2 0001807048718021225     NOMMR MME CEDRIC FAURY                EDM
0510278    06347EUR2 0001807048718021225     NBEEDM
0510278    06347EUR2 0001807048718021225     NPYMR MME CEDRIC FAURY
0510278    06347EUR2 0001807048718021225     LCCCOTISATION
0510278    06347EUR2 0001807048718021225     RCN10278-20-25336330032246
0510278    06347EUR2 0001807048718021225     CBEFR7610278063470001807784070
0410278907806347EUR2 00018070487C2021225  021225VIR INST MME OU MR MARTIGNON DE  0000000 00000000001420{
0510278    06347EUR2 00018070487C2021225     LIBVIREMENT DE MME OU MR MARTIGNON
0510278    06347EUR2 00018070487C2021225     LIBIS
0510278    06347EUR2 00018070487C2021225     NOMMME OU MR MARTIGNON DENIS          ECOLE DE MUSIQUE DE SANNOIS
0510278    06347EUR2 00018070487C2021225     NBEECOLE DE MUSIQUE DE SANNOIS
0510278    06347EUR2 00018070487C2021225     NPYMME OU MR MARTIGNON DENIS
0510278    06347EUR2 00018070487C2021225     LCCVIREMENT DE MME OU MR MARTIGNON DENIS
0510278    06347EUR2 00018070487C2021225     RCNVIR MR MARTIGNON DENIS ENS DENNER
0710278    06347EUR2 00018070487  021225                                                  0000000206702E
0130066    10933EUR2 00020051056  011225EIRL M ZHANG MARC                COMPTE COURANT   0000000036089Q021225021225
0730066    10933EUR2 00020051056  021225                                                  0000000036089Q
0130027    17127EUR2 00020242091  011225ETABLISSEMENTS LAMY              COMPTE COURANT   0000000089604E021225021225
0730027    17127EUR2 00020242091  021225                                                  0000000089604E
0110278    06041EUR2 00020851012  011225CR OPTIQUE                       COMPTE MUTUELLE  0000000045089G021225021225
0710278    06041EUR2 00020851012  021225                                                  0000000045089G
0130066    10809EUR2 00020421023  011225SNC PERE ET FILS                 COMPTE COURANT   0000000769358C021225021225
0730066    10809EUR2 00020421023  021225                                                  0000000769358C
0130066    10853EUR2 00020251085  011225AU COEUR DES BEBES               COMPTE COURANT   0000000127634C021225021225
0430066930510853EUR2 0002025108518021225  021225VIR SARL GAURIAT                 0000000 00000000039000{
0530066    10853EUR2 0002025108518021225     LIB30066-12-25336015026431
0530066    10853EUR2 0002025108518021225     NOMSARL GAURIAT                       STARMOOVING
0530066    10853EUR2 0002025108518021225     NBESTARMOOVING
0530066    10853EUR2 0002025108518021225     NPYSARL GAURIAT
0530066    10853EUR2 0002025108518021225     LCCSTARMOOVING
0530066    10853EUR2 0002025108518021225     RCN30066-12-25336015026431
0530066    10853EUR2 0002025108518021225     CBEFR7630066108530002025580129
0430066916210853EUR2 00020251085B1021225  021225PRLV SEPA BLUE SELF STOCKAGE FR  0000000000000000001200}
0530066    10853EUR2 00020251085B1021225     LIBINVOICE NO.  GNV25/9877
0530066    10853EUR2 00020251085B1021225     RIBFR7630004008280001306954576          BNPAFRPPXXX
0530066    10853EUR2 00020251085B1021225     NOMBLUE SELF STOCKAGE FRANCE          STARMOOVING
0530066    10853EUR2 00020251085B1021225     NBEBLUE SELF STOCKAGE FRANCE
0530066    10853EUR2 00020251085B1021225     IBEFR16ZZZ874EDF
0530066    10853EUR2 00020251085B1021225     NPYSTARMOOVING
0530066    10853EUR2 00020251085B1021225     LCCINVOICE NO.  GNV25/9877
0530066    10853EUR2 00020251085B1021225     RCN74XX089RXX161120250C7V
0530066    10853EUR2 00020251085B1021225     RUM00000000000000000000000000000295761
0530066    10853EUR2 00020251085B1021225     CPYFR7630066108530002025580129
0430066916210853EUR2 00020251085B1021225  021225PRLV SEPA BLUE SELF STOCKAGE FR  0000000000000000003194}
0530066    10853EUR2 00020251085B1021225     LIBINVOICE NO.  GNV25/9879
0530066    10853EUR2 00020251085B1021225     RIBFR7630004008280001306954576          BNPAFRPPXXX
0530066    10853EUR2 00020251085B1021225     NOMBLUE SELF STOCKAGE FRANCE          STARMOOVING
0530066    10853EUR2 00020251085B1021225     NBEBLUE SELF STOCKAGE FRANCE
0530066    10853EUR2 00020251085B1021225     IBEFR16ZZZ874EDF
0530066    10853EUR2 00020251085B1021225     NPYSTARMOOVING
0530066    10853EUR2 00020251085B1021225     LCCINVOICE NO.  GNV25/9879
0530066    10853EUR2 00020251085B1021225     RCN74XX089SXX161120250C7X
0530066    10853EUR2 00020251085B1021225     RUM00000000000000000000000000000295761
0530066    10853EUR2 00020251085B1021225     CPYFR7630066108530002025580129
0430066916210853EUR2 00020251085B1021225  021225PRLV SEPA BLUE SELF STOCKAGE FR  0000000000000000004319}
0530066    10853EUR2 00020251085B1021225     LIBINVOICE NO.  GNV25/9878
0530066    10853EUR2 00020251085B1021225     RIBFR7630004008280001306954576          BNPAFRPPXXX
0530066    10853EUR2 00020251085B1021225     NOMBLUE SELF STOCKAGE FRANCE          STARMOOVING
0530066    10853EUR2 00020251085B1021225     NBEBLUE SELF STOCKAGE FRANCE
0530066    10853EUR2 00020251085B1021225     IBEFR16ZZZ874EDF
0530066    10853EUR2 00020251085B1021225     NPYSTARMOOVING
0530066    10853EUR2 00020251085B1021225     LCCINVOICE NO.  GNV25/9878
0530066    10853EUR2 00020251085B1021225     RCN74XX089RXX161120250C7W
0530066    10853EUR2 00020251085B1021225     RUM00000000000000000000000000000295761
0530066    10853EUR2 00020251085B1021225     CPYFR7630066108530002025580129
0430066916210853EUR2 00020251085B1021225  021225PRLV SEPA BLUE SELF STOCKAGE FR  0000000000000000007191}
0530066    10853EUR2 00020251085B1021225     LIBINVOICE NO.  GNV25/9876
0530066    10853EUR2 00020251085B1021225     RIBFR7630004008280001306954576          BNPAFRPPXXX
0530066    10853EUR2 00020251085B1021225     NOMBLUE SELF STOCKAGE FRANCE          STARMOOVING
0530066    10853EUR2 00020251085B1021225     NBEBLUE SELF STOCKAGE FRANCE
0530066    10853EUR2 00020251085B1021225     IBEFR16ZZZ874EDF
0530066    10853EUR2 00020251085B1021225     NPYSTARMOOVING
0530066    10853EUR2 00020251085B1021225     LCCINVOICE NO.  GNV25/9876
0530066    10853EUR2 00020251085B1021225     RCN74XX089RXX161120250C7U
0530066    10853EUR2 00020251085B1021225     RUM00000000000000000000000000000295761
0530066    10853EUR2 00020251085B1021225     CPYFR7630066108530002025580129
0430066038110853EUR2 0002025108528011225  011225PAIEMENT CB  2911 PARIS          0000000000000000006000}
0530066    10853EUR2 0002025108528011225     LIBTHAI HARMONY     CARTE 5683
0730066    10853EUR2 00020251085  021225                                                  0000000144730C
0110278    06347EUR2 00022131021  011225MS ST FRAMBOURG                  COMPTE COURANT   0000001494903F021225021225
0710278    06347EUR2 00022131021  021225                                                  0000001494903F
0130066    11018EUR2 00035471035  011225PROLIFIK RECORDS              PROLIFIK RECORDS    0000002245165G021225021225
0430066038111018EUR2 0003547103528011225  011225PAIEMENT PSC 2711 CLAYE SOUILLY  0000000000000000000236}
0530066    11018EUR2 0003547103528011225     LIBDELICES DE STAIN CARTE 8395
0430066916211018EUR2 00035471035B1021225  021225PRLV SEPA A4PLUS                 0000000000000000298200}
0530066    11018EUR2 00035471035B1021225     RIBFR7630004003690001005966387          BNPAFRPPXXX
0530066    11018EUR2 00035471035B1021225     NOMA4PLUS                             PLIE ARGENTEUIL BEZONS
0530066    11018EUR2 00035471035B1021225     NBEA4PLUS
0530066    11018EUR2 00035471035B1021225     IBEFR06ZZZ809A60
0530066    11018EUR2 00035471035B1021225     NPYPLIE ARGENTEUIL BEZONS
0530066    11018EUR2 00035471035B1021225     RCNA4PLUS F20251126-11558
0530066    11018EUR2 00035471035B1021225     REFPLIEF20251126-11558
0530066    11018EUR2 00035471035B1021225     RUMPLIE 001
0530066    11018EUR2 00035471035B1021225     CPYFR7630066110180003547530158
0730066    11018EUR2 00035471035  021225                                                  0000001946729G
0110278    06347EUR2 00018070687  011225V2M AVENIR                       COMPTE COURANT   0000001210463H021225021225
0710278    06347EUR2 00018070687  021225                                                  0000001210463H
0130066    10858EUR2 00010261054  011225RIK                              COMPTE COURANT   0000000696725A021225021225
0730066    10858EUR2 00010261054  021225                                                  0000000696725A
0130066    10383EUR2 00020381045  011225SAVANE & MOUSSON STREET FOOD     COMPTE COURANT   0000000294232{021225021225
0730066    10383EUR2 00020381045  021225                                                  0000000294232{
0130066    10898EUR2 00010361012  011225TECHNIQUES ET NORMES DE COUVERT  COMPTE COURANT   0000000283649{021225021225
0730066    10898EUR2 00010361012  021225                                                  0000000283649{
0110278    06078EUR2 00020711040  011225SC AJC CONSEILS                  COMPTE COURANT   0000000004044F021225021225
0410278930506078EUR2 0002071104018021225  021225VIR OCIANE                       0000000 00000000006899A
0510278    06078EUR2 0002071104018021225     LIB550613315129
0510278    06078EUR2 0002071104018021225     LIB2664936-OCIANE    -0188-
0510278    06078EUR2 0002071104018021225     NOMOCIANE                             SARL LYNA OPTIC ATOL
0510278    06078EUR2 0002071104018021225     NBESARL LYNA OPTIC ATOL
0510278    06078EUR2 0002071104018021225     NPYOCIANE
0510278    06078EUR2 0002071104018021225     LCCTP-20251201-MUTUELLE OCIANE     -952664936-OCIANE    -0188-
0510278    06078EUR2 0002071104018021225     RCN550613315129
0510278    06078EUR2 0002071104018021225     REFT253360005688667
0510278    06078EUR2 0002071104018021225     CBEFR7610278060780002071040188
0710278    06078EUR2 00020711040  021225                                                  0000000010943G
0110278    06143EUR2 00020201005  011225SCI DE LA RUE DEZITTER           COMPTE COURANT   0000000077114B021225021225
0710278    06143EUR2 00020201005  021225                                                  0000000077114B
0130066    10061EUR2 00010413056  011225LUCAS OPTIK                      COMPTE MUTUELLE  0000001124928E021225021225
0430066930510061EUR2 0001041305618021225  021225VIR ASS FORMATION PERMANENTE     0000000 00000000008010{
0530066    10061EUR2 0001041305618021225     LIBRHO085 FRE N 2025-2026-BIBLIOME
0530066    10061EUR2 0001041305618021225     LIB-7 DU 20-11-2025 DR 1815
0530066    10061EUR2 0001041305618021225     NOMASS FORMATION PERMANENTE PERSONNEL EBD
0530066    10061EUR2 0001041305618021225     NBEEBD
0530066    10061EUR2 0001041305618021225     NPYASS FORMATION PERMANENTE PERSONNEL
0530066    10061EUR2 0001041305618021225     LCCRHO085 FRE N 2025-2026-BIBLIOMETRIE-7 DU 20-11-2025 DR 1815
0530066    10061EUR2 0001041305618021225     RCNRHO085 FRE N 2025-2026-BIBLIOMETRIE
0530066    10061EUR2 0001041305618021225     REFVPLAN-13480-RHO-304
0530066    10061EUR2 0001041305618021225     CBEFR7630066100610001041650393
0430066930510061EUR2 0001041305618021225  021225VIR MME ELEONORE LASSALLE        0000000 00000000000100{
0530066    10061EUR2 0001041305618021225     LIBVIREMENT DE MME ELEONORE LASSAL
0530066    10061EUR2 0001041305618021225     NOMMME ELEONORE LASSALLE              EBD
0530066    10061EUR2 0001041305618021225     NBEEBD
0530066    10061EUR2 0001041305618021225     NPYMME ELEONORE LASSALLE
0530066    10061EUR2 0001041305618021225     LCCVIREMENT DE MME ELEONORE LASSALLE
0530066    10061EUR2 0001041305618021225     RCNVIREMENT DE MME ELEONORE LASSALLE
0530066    10061EUR2 0001041305618021225     REFT253350012006775
0530066    10061EUR2 0001041305618021225     CBEFR7630066100610001041650393
0430066930510061EUR2 0001041305618021225  021225VIR DDFIP PYRENEES-ATLANTIQU     0000000 00000000004450{
0530066    10061EUR2 0001041305618021225     LIB1D0640000AGENT COMPTA2025002060
0530066    10061EUR2 0001041305618021225     LIB26-MODVALBI-18 DU 20/11/2025 DP-202
0530066    10061EUR2 0001041305618021225     NOMDDFIP PYRENEES-ATLANTIQUES         EBD
0530066    10061EUR2 0001041305618021225     NBEEBD
0530066    10061EUR2 0001041305618021225     NPYDDFIP PYRENEES-ATLANTIQUES
0530066    10061EUR2 0001041305618021225     NPOAGENT COMPTABLE DE L UNIVERSITE DE PAU ET DES PAYS DE L ADOUR
0530066    10061EUR2 0001041305618021225     NBUEBD
0530066    10061EUR2 0001041305618021225     LCCVIR SCT AGENT COMPTABLE DE L2025/2026-MODVALBI-18 DU 20/11/2025 DP-202
0530066    10061EUR2 0001041305618021225     LC25-023273 / PAIEMENT 2025-206
0530066    10061EUR2 0001041305618021225     RCN1D0640000AGENT COMPTA20250020600107
0530066    10061EUR2 0001041305618021225     REF25335-5351-PSR-SCT-01-00052252
0530066    10061EUR2 0001041305618021225     CBEFR7630066100610001041650393
0430066907810061EUR2 00010413056C2021225  021225VIR INST MLLE JOELLE HAUZEUR     0000000 00000000013400{
0530066    10061EUR2 00010413056C2021225     LIBBLOCS 3 ET 4 FORMATION EBD JH
0530066    10061EUR2 00010413056C2021225     NOMMLLE JOELLE HAUZEUR                ECOLE BIBLIOTHECAIRE DOCUMENTALI
0530066    10061EUR2 00010413056C2021225     NBEECOLE BIBLIOTHECAIRE DOCUMENTALI
0530066    10061EUR2 00010413056C2021225     NPYMLLE JOELLE HAUZEUR
0530066    10061EUR2 00010413056C2021225     LCCBLOCS 3 ET 4 FORMATION EBD JH
0530066    10061EUR2 00010413056C2021225     RCNNOTPROVIDED
0430066907810061EUR2 00010413056C2021225  021225VIR INST MR XAVIER BITTAR        0000000 00000000000100{
0530066    10061EUR2 00010413056C2021225     NOMMR XAVIER BITTAR                   ECOLE BIBLIOTHECAIRES
0530066    10061EUR2 00010413056C2021225     NBEECOLE BIBLIOTHECAIRES
0530066    10061EUR2 00010413056C2021225     NPYMR XAVIER BITTAR
0530066    10061EUR2 00010413056C2021225     RCNCOTISATION ADBS BITTAR
0730066    10061EUR2 00010413056  021225                                                  0000001150988E
0130066    10150EUR2 00020401097  011225SCI DE L'ALISIER                 COMPTE COURANT   0000000046247F021225021225
0430066038110150EUR2 0002040109728011225  011225PAIEMENT CB  2811 DOMONT         0000000000000000000244}
0530066    10150EUR2 0002040109728011225     LIBS A S S G        CARTE 6887
0430066038110150EUR2 0002040109728021225  021225PAIEMENT CB  2911 D01 YC43 DUBL  0000000000000000000230}
0530066    10150EUR2 0002040109728021225     LIBOPENAI *CHATGPT  CARTE 6887
0730066    10150EUR2 00020401097  021225                                                  0000000045773F
0130087    33850EUR2 00021522003  011225AGP RENOVATION                   COMPTE COURANT   0000000114951I021225021225
0730087    33850EUR2 00021522003  021225                                                  0000000114951I
0130027    16006EUR2 00020553063  011225EIRL ECO BAT                     COMPTE COURANT   0000000053879B021225021225
0730027    16006EUR2 00020553063  021225                                                  0000000053879B
0130066    10138EUR2 00020101085  011225SCI LES PETITS PRES              COMPTE COURANT   0000000253598D021225021225
0430066907810138EUR2 00020101085C2021225  021225VIR INST M     RAMZI SEBOUAI     0000000 00000000007673I
0530066    10138EUR2 00020101085C2021225     LIBFACTURE 687 PITTALUGA SEBOUAI
0530066    10138EUR2 00020101085C2021225     NOMM     RAMZI SEBOUAI                BMS IMMOBILIER
0530066    10138EUR2 00020101085C2021225     NBEBMS IMMOBILIER
0530066    10138EUR2 00020101085C2021225     NPYM     RAMZI SEBOUAI
0530066    10138EUR2 00020101085C2021225     NBUBMS IMMOBILIER
0530066    10138EUR2 00020101085C2021225     LCCFACTURE 687 PITTALUGA SEBOUAI
0530066    10138EUR2 00020101085C2021225     RCNVIREMENT DE M RAMZI SEBOUAI
0730066    10138EUR2 00020101085  021225                                                  0000000261272C
0130066    10933EUR2 00020051066  011225AUTO MOTO ECOLE TINQUEUX         COMPTE COURANT   0000000007653J021225021225
0730066    10933EUR2 00020051066  021225                                                  0000000007653J
0130066    10105EUR2 00020371042  011225SCI DU FRIEGE                    COMPTE COURANT   0000000003790D021225021225
0730066    10105EUR2 00020371042  021225                                                  0000000003790D
0130066    10920EUR2 00020711079  011225SCI DE LA RUE DEZITTER           COMPTE COURANT   0000000001061G021225021225
0730066    10920EUR2 00020711079  021225                                                  0000000001061G