0130066    10916EUR2 00020111032  021225T P C                            COMPTE COURANT   0000003288498E021225031225
0730066    10916EUR2 00020111032  031225                                                  0000003288498E
0130027    17041EUR2 00020281037  021225GROUPE EMON                      COMPTE COURANT   0000000044396G021225031225
0730027    17041EUR2 00020281037  031225                                                  0000000044396G
0110278    08858EUR2 00071040424  021225SCI DE L'ALISIER                 COMPTE COURANT   0000000263678F021225031225
0710278    08858EUR2 00071040424  031225                                                  0000000263678F
0115519    39013EUR2 00021221097  021225PHI & AL                         COMPTE COURANT   0000000043267H021225031225
0415519085939013EUR2 0002122109762021225  011225FACT SGT25390130004574           0004574100000000000200N
0515519    39013EUR2 0002122109762021225     LIBDONT TVA 0 00EUR
0715519    39013EUR2 00021221097  031225                                                  0000000043067C
0130027    17024EUR2 00080091027  021225SAS MEL                          COMPTE COURANT   0000000022410H021225031225
0430027916217024EUR2 00080091027B1031225  031225AUTOMOBILE - PRO AA40464839      0464839000000000000759N
0530027    17024EUR2 00080091027B1031225     RIBFR7611899001380002824344055          CMCIFR2AXXX
0530027    17024EUR2 00080091027B1031225     NOMACM IARD SA                        GD CONTAINERS
0530027    17024EUR2 00080091027B1031225     NBEACM IARD SA
0530027    17024EUR2 00080091027B1031225     IBEFR74ZZZ008087
0530027    17024EUR2 00080091027B1031225     NPYGD CONTAINERS
0530027    17024EUR2 00080091027B1031225     LCCAUTOMOBILE - PRO AA40464839
0530027    17024EUR2 00080091027B1031225     RCNRMS25335072914351KI
0530027    17024EUR2 00080091027B1031225     REFACM   2500000    BFC140
0530027    17024EUR2 00080091027B1031225     RUMKI20190910120725150138
0530027    17024EUR2 00080091027B1031225     CPYFR7630027170240008009720183
0730027    17024EUR2 00080091027  031225                                                  0000000021651C
0130047    14670EUR2 00022571044  021225CSE STOKOMANI OEUVRES SOCIALES   COMPTE COURANT   0000000053738D021225031225
0730047    14670EUR2 00022571044  031225                                                  0000000053738D
0130047    14670EUR2 00022581040  021225NORTRADE INTERNATIONAL           COMPTE COURANT   0000002163365I021225031225
0730047    14670EUR2 00022581040  031225                                                  0000002163365I
0110278    07380EUR2 00020671093  021225LA PAUSE DETENTE                 COMPTE COURANT   0000000056332{021225031225
0710278    07380EUR2 00020671093  031225                                                  0000000056332{
0130027    17005EUR2 00021111053  021225S.A.R.L LES FLEURS DE L AVEN                      0000000037070B021225031225
0730027    17005EUR2 00021111053  031225                                                  0000000037070B
0115489    04812EUR2 00025551012  021225JOBDOCTOR                     JOBDOCTOR SAS       0000000181669D021225031225
0715489    04812EUR2 00025551012  031225                                                  0000000181669D
0130027    17241EUR2 00023131031  021225NORTRADE INTERNATIONAL           COMPTE COURANT   0000000070518I021225031225
0730027    17241EUR2 00023131031  031225                                                  0000000070518I
0110278    37330EUR2 00012401095  021225SCI EMPREINTES                   COMPTE COURANT   0000000028715C021225031225
0710278    37330EUR2 00012401095  031225                                                  0000000028715C
0130047    14655EUR2 00020861078  021225R&S GROUP                        CCE R&S GROUP    0000000304415B021225031225
0730047    14655EUR2 00020861078  031225                                                  0000000304415B
0130027    17263EUR2 00020991036  021225STOORM                           CCE STOORM       0000001821058A021225031225
0730027    17263EUR2 00020991036  031225                                                  0000001821058A
0130066    10016EUR2 00020151075  021225PHI & AL                         COMPTE COURANT   0000001320705E021225031225
0730066    10016EUR2 00020151075  031225                                                  0000001320705E
0110278    08858EUR2 00020141010  021225STA                              COMPTE COURANT   0000000871081F021225031225
0710278    08858EUR2 00020141010  031225                                                  0000000871081F
0130027    17280EUR2 00020321012  021225THOMAS FRUCHART FLEURISTE        COMPTE COURANT   0000000009680A021225031225
0430027930517280EUR2 0002032101218031225  031225VIR VIAMEDIS                     0000000 00000000000304{
0530027    17280EUR2 0002032101218031225     LIBTP-20251127-VIREMENT 8534481
0530027    17280EUR2 0002032101218031225     LIB6014791-VM00100000-0168-
0530027    17280EUR2 0002032101218031225     NOMVIAMEDIS                           HENOCQUE AURELIE
0530027    17280EUR2 0002032101218031225     NBEHENOCQUE AURELIE
0530027    17280EUR2 0002032101218031225     NPYVIAMEDIS
0530027    17280EUR2 0002032101218031225     LCCTP-20251127-VIREMENT 8534481    -806014791-VM00100000-0168-
0530027    17280EUR2 0002032101218031225     RCNTP-20251127-VIREMENT 8534481    -80
0530027    17280EUR2 0002032101218031225     REF332271-2025-12-03-8534481
0530027    17280EUR2 0002032101218031225     CBEFR7630027172800002032210168
0730027    17280EUR2 00020321012  031225                                                  0000000009984A
0110278    37210EUR2 00012651041  021225SAS C G  AUTOMOBILES             COMPTE COURANT   0000002540010H021225031225
0710278    37210EUR2 00012651041  031225                                                  0000002540010H
0130027    17005EUR2 00057242083  021225MENILLET COURTAGE                COMPTE COURANT   0000000258309H021225031225
0730027    17005EUR2 00057242083  031225                                                  0000000258309H
0110278    02507EUR2 00020412096  021225SOCIETE CIVILE IMMOBILIERE IREM  COMPTE COURANT   0000000164998A021225031225
0410278900202507EUR2 0002041209606031225  031225VIR SAS MASSOT                   0000000000000000009278N
0710278    02507EUR2 00020412096  031225                                                  0000000155719F
0130047    14670EUR2 00022581050  021225SNC PERE ET FILS                 COMPTE COURANT   0000000360310F021225031225
0730047    14670EUR2 00022581050  031225                                                  0000000360310F
0130047    14236EUR2 00020431032  021225ATELIER 467                      COMPTE COURANT   0000000003440D021225031225
0730047    14236EUR2 00020431032  031225                                                  0000000003440D
0115519    39093EUR2 00023331059  021225AUTO STORY                       COMPTE COURANT   0000001173778E021225031225
0415519085939093EUR2 0002333105962021225  011225FACT SGT25390930023089           0023089100000000000728}
0515519    39093EUR2 0002333105962021225     LIBDONT TVA 1 00EUR
0415519039039093EUR2 0002333105930031225  0412250622883 01 REM CB 021225         0800493 00000000000098A
0415519039039093EUR2 0002333105930031225  0412250622882 01 REM CB 021225         0800170 00000000000157{
0415519039039093EUR2 0002333105930031225  0412250622883 01 REM CB 021225         0800437 00000000000079D
0415519039039093EUR2 0002333105930031225  0412250622882 01 REM CB 021225         0800169 00000000000050{
0415519039039093EUR2 0002333105930031225  0412250591349 01 REM CB 021225         0591349 00000000032631A
0415519039739093EUR2 0002333105962031225  0412250622882 01 COM CBEURO 021225     0800169100000000000000L
0415519039739093EUR2 0002333105962031225  0412250622883 01 COM CBEURO 021225     0800437100000000000000M
0415519039739093EUR2 0002333105962031225  0412250622882 01 COM CBEURO 021225     0800170100000000000000P
0415519039739093EUR2 0002333105962031225  0412250622883 01 COM CBEURO 021225     0800493100000000000000N
0415519039739093EUR2 0002333105962031225  0412250591349 01 COM CBEURO 021225     3030931100000000000116N
0715519    39093EUR2 00023331059  031225                                                  0000001205947G
0110278    06022EUR2 00020761051  021225SC DIOT INVEST                   COMPTE COURANT   0000000709055G021225031225
0410278082006022EUR2 0002076105162021225  011225ABON CMUT DIRECT PRO SERENITE    0000000100000000000237}
0510278    06022EUR2 0002076105162021225     LIBDONT TVA 3 95E
0410278039006022EUR2 0002076105130031225  041225REMCB00510 NB0001 TPE289558101   0800510 00000000000100{
0410278039706022EUR2 0002076105162031225  041225COMCB00510 NB0001 TPE289558101   0800510100000000000000P
0410278038106022EUR2 0002076105128031225  031225PAIEMENT CB  0212 PARIS          0000000000000000001575}
0510278    06022EUR2 0002076105128031225     LIBLES VOLCANS      CARTE 3362
0410278038106022EUR2 0002076105128031225  031225PAIEMENT CB  0212 ASNIERES SUR   0000000000000000000068}
0510278    06022EUR2 0002076105128031225     LIBREL. GRESILLONS  CARTE 3217
0410278038106022EUR2 0002076105128031225  031225PAIEMENT CB  0212 RUNGIS         0000000000000000000447M
0510278    06022EUR2 0002076105128031225     LIBMAGASIN U        CARTE 9486
0710278    06022EUR2 00020761051  031225                                                  0000000706827F
0130066    10191EUR2 00010701089  021225SARL PROXI SHOP                  COMPTE COURANT   0000000584995G021225031225
0730066    10191EUR2 00010701089  031225                                                  0000000584995G
0130047    14622EUR2 00020621082  021225INAYA BEAUTY                     COMPTE COURANT   0000000090230B021225031225
0430047038114622EUR2 0002062108228031225  031225PAIEMENT CB  0212 CHATEAUDUN     0000000000000000001326}
0530047    14622EUR2 0002062108228031225     LIBINTERMARCHE      CARTE 8545
0430047900314622EUR2 0002062108206031225  031225VIR M JOHANN WILMART             0000000100000000015000}
0730047    14622EUR2 00020621082  031225                                                  0000000073904B
0110278    08858EUR2 00070730446  021225SCI EMPREINTES                   COMPTE COURANT   0000002447556G021225031225
0710278    08858EUR2 00070730446  031225                                                  0000002447556G
0110278    08858EUR2 00020542039  021225LA PAUSE S'IMPOSE                COMPTE COURANT   0000000015915H021225031225
0710278    08858EUR2 00020542039  031225                                                  0000000015915H
0110278    08858EUR2 00072161088  021225CABALOI                          COMPTE COURANT   0000000253847D021225031225
0710278    08858EUR2 00072161088  031225                                                  0000000253847D
0115489    04804EUR2 00073211085  021225MLE  COSPEREC  AUDREY            MLE  AUDREY COSPE0000000007154F021225031225
0715489    04804EUR2 00073211085  031225                                                  0000000007154F
0130047    14236EUR2 00020191071  021225SC CAE                           COMPTE COURANT   0000000757254{021225031225
0730047    14236EUR2 00020191071  031225                                                  0000000757254{
0130027    17241EUR2 00023081046  021225MGFH                             COMPTE COURANT   0000001599971E021225031225
0430027930517241EUR2 0002308104618031225  031225VIR ELEKTO INDUSTRIE             0000000 00000000023553F
0530027    17241EUR2 0002308104618031225     LIBACC213602
0530027    17241EUR2 0002308104618031225     NOMELEKTO INDUSTRIE                   LIFTEC
0530027    17241EUR2 0002308104618031225     NBELIFTEC
0530027    17241EUR2 0002308104618031225     NPYELEKTO INDUSTRIE
0530027    17241EUR2 0002308104618031225     LCCACC213602 LIFTEC
0530027    17241EUR2 0002308104618031225     RCNACC213602
0530027    17241EUR2 0002308104618031225     CBEFR7630027172410002308640189
0430027930517241EUR2 0002308104618031225  031225VIR REALISAPRINT.COM             0000000 00000000045473C
0530027    17241EUR2 0002308104618031225     LIBFACTURE ACC213611
0530027    17241EUR2 0002308104618031225     NOMREALISAPRINT.COM                   LIFTEC
0530027    17241EUR2 0002308104618031225     NBELIFTEC
0530027    17241EUR2 0002308104618031225     NPYREALISAPRINT.COM
0530027    17241EUR2 0002308104618031225     LCCFACTURE ACC213611
0530027    17241EUR2 0002308104618031225     RCNREALISAPRINT-251209093250922380-0
0530027    17241EUR2 0002308104618031225     CBEFR7630027172410002308640189
0730027    17241EUR2 00023081046  031225                                                  0000001668998D
0110278    37330EUR2 00013961092  021225AMBULANCES TLS                   COMPTE COURANT   0000000021804A021225031225
0410278024037330EUR2 0001396109201031225  021225CHEQUE 2543205                   2543205000000000004623M
0710278    37330EUR2 00013961092  031225                                                  0000000017180G
0110278    37430EUR2 00013481086  021225THOMAS FRUCHART FLEURISTE        COMPTE COURANT   0000000501496B021225031225
0710278    37430EUR2 00013481086  031225                                                  0000000501496B
0130027    16130EUR2 00020301083  021225ABC TELECOM                      COMPTE COURANT   0000000799722G021225031225
0730027    16130EUR2 00020301083  031225                                                  0000000799722G
0130047    14193EUR2 00037201039  021225DE FI CO                                          0000000468816H021225031225
0730047    14193EUR2 00037201039  031225                                                  0000000468816H
0130087    33790EUR2 00020461005  021225AU COEUR DES BEBES MAISON MEDICA COMPTE COURANT   0000000002450}021225031225
0430087907833790EUR2 00020461005C2031225  031225VIR INST SAS   NUMERO DIX        0000000 00000000120000{
0530087    33790EUR2 00020461005C2031225     LIBAPPORT EN COMPTE COURANT
0530087    33790EUR2 00020461005C2031225     NOMSAS   NUMERO DIX                   PGP2
0530087    33790EUR2 00020461005C2031225     NBEPGP2
0530087    33790EUR2 00020461005C2031225     NPYSAS   NUMERO DIX
0530087    33790EUR2 00020461005C2031225     NBUPGP2
0530087    33790EUR2 00020461005C2031225     LCCAPPORT EN COMPTE COURANT
0530087    33790EUR2 00020461005C2031225     RCNPOUR PGP2
0430087000233790EUR2 0002046100506031225  031225VIR  FACTURE CHANGE 20250609     0250609000000000054565L
0530087    33790EUR2 0002046100506031225     LIBC24D25337L00215
0530087    33790EUR2 0002046100506031225     LIBNGE  AVOCATS ASSOCIES
0530087    33790EUR2 0002046100506031225     RIBFR7630087337900002046500194
0530087    33790EUR2 0002046100506031225     NOMCHANGE AVOCATS ASSOCIES            PLANIFICATION ET GESTION DE PROJETS
0430087000233790EUR2 0002046100506031225  031225VIR VIREMENT COMPTE A COMPTE     0000000000000000040000}
0530087    33790EUR2 0002046100506031225     LIBC24D25337L00268
0530087    33790EUR2 0002046100506031225     LIBEMENT COMPTE A COMPTE
0530087    33790EUR2 0002046100506031225     RIBFR7630087337900002046500194
0530087    33790EUR2 0002046100506031225     NOMNUMERO DIX                         PLANIFICATION ET GESTION DE PROJETS
0730087    33790EUR2 00020461005  031225                                                  0000000022984G
0115489    04762EUR2 00087544048  021225RBL                           RBL                 0000000023345F021225031225
0715489    04762EUR2 00087544048  031225                                                  0000000023345F
0110278    07380EUR2 00020671004  021225MLLE PODEVIN PASCALE             LA CORVETTE      0000000099470B021225031225
0410278916207380EUR2 00020671004B1031225  031225PROTECTION BAILLEUR ESSENTIEL I  0000000000000000000143}
0510278    07380EUR2 00020671004B1031225     LIB2725
0510278    07380EUR2 00020671004B1031225     LIB2725
0510278    07380EUR2 00020671004B1031225     RIBFR7611899001380002824344055          CMCIFR2AXXX
0510278    07380EUR2 00020671004B1031225     NOMACM IARD SA                        MMESTANOJEVIC
0510278    07380EUR2 00020671004B1031225     NBEACM IARD SA
0510278    07380EUR2 00020671004B1031225     IBEFR74ZZZ008087
0510278    07380EUR2 00020671004B1031225     NPYMMESTANOJEVIC                      SLOVENKA
0510278    07380EUR2 00020671004B1031225     LCCPROTECTION BAILLEUR ESSENTIEL IM6202725
0510278    07380EUR2 00020671004B1031225     RCNRMS25335203485780HI
0510278    07380EUR2 00020671004B1031225     REFACM   2500000    BFC140
0510278    07380EUR2 00020671004B1031225     RUM  IM6202725
0510278    07380EUR2 00020671004B1031225     CPYFR7610278073800002067400133
0710278    07380EUR2 00020671004  031225                                                  0000000099327B
0130027    17026EUR2 00020242075  021225JLK INVEST                       COMPTE COURANT   0000000065233I021225031225
0730027    17026EUR2 00020242075  031225                                                  0000000065233I
0130027    17404EUR2 00011271003  021225MENILLET COURTAGE                COMPTE COURANT   0000000178864I021225031225
0730027    17404EUR2 00011271003  031225                                                  0000000178864I
0130047    14650EUR2 00020541022  021225RENAUD MARYVONNE                                  0000000025355F021225031225
0730047    14650EUR2 00020541022  031225                                                  0000000025355F
0130087    33809EUR2 00020851027  021225S.A.R.L LES FLEURS DE L AVEN                      0000000580345A021225031225
0430087930333809EUR2 0002085102706031225  031225VOTRE REMISE VIREMENT DU 021225  0000000000000000011182}
0530087    33809EUR2 0002085102706031225     LIBVIR SEPA 02/12/2025 19 09 18
0430087039033809EUR2 0002085102730031225  051225CB01231 0027 7198950             0801231 00000000008195{
0430087039033809EUR2 0002085102730031225  051225CB01226 0007 7198950             0801226 00000000007990{
0430087039033809EUR2 0002085102730031225  051225CB01230 0042 7198950             0801230 00000000010180{
0430087039033809EUR2 0002085102730031225  051225CB01225 0002 7198950             0801225 00000000000460{
0430087039733809EUR2 0002085102762031225  051225COM1225 0002 7198950             0801225100000000000003Q
0430087039733809EUR2 0002085102762031225  051225COM1230 0042 7198950             0801230100000000000075O
0430087039733809EUR2 0002085102762031225  051225COM1226 0007 7198950             0801226100000000000069O
0430087039733809EUR2 0002085102762031225  051225COM1231 0027 7198950             0801231100000000000035J
0430087907833809EUR2 00020851027C2031225  031225VIR INST CHECKOUT SAS            0000000 00000000006586A
0530087    33809EUR2 00020851027C2031225     LIBSUNDAY.0212AMONTEVRAIN
0530087    33809EUR2 00020851027C2031225     NOMCHECKOUT SAS                       GRAZIE MONTEVRAIN
0530087    33809EUR2 00020851027C2031225     NBEGRAZIE MONTEVRAIN
0530087    33809EUR2 00020851027C2031225     NPYCHECKOUT SAS
0530087    33809EUR2 00020851027C2031225     NPOSUNDAY
0530087    33809EUR2 00020851027C2031225     LCCSUNDAY.0212AMONTEVRAIN
0530087    33809EUR2 00020851027C2031225     RCNPAY-6NIB65HR365E5IANGKAQQ46RFU
0430087916233809EUR2 00020851027B1031225  031225PRLV SEPA BNP PARIBAS LEASE GRO  0000000000000000022560}
0530087    33809EUR2 00020851027B1031225     LIBBNP PARIBAS LEASE GROUP /A1U292
0530087    33809EUR2 00020851027B1031225     LIB1A1U29287001011225EPU72Y01826 /SIEN
0530087    33809EUR2 00020851027B1031225     RIBFR7630004021180004059987092          BNPAFRPPXXX
0530087    33809EUR2 00020851027B1031225     NOMBNP PARIBAS LEASE GROUP            GRAZIE MONTEVRAIN
0530087    33809EUR2 00020851027B1031225     NBEBNP PARIBAS LEASE GROUP             NANTERRE
0530087    33809EUR2 00020851027B1031225     IBEFR17ZZZ100196
0530087    33809EUR2 00020851027B1031225     NPYGRAZIE MONTEVRAIN
0530087    33809EUR2 00020851027B1031225     NPOBNP PARIBAS LEASE GROUP
0530087    33809EUR2 00020851027B1031225     NBUGRAZIE MONTEVRAIN
0530087    33809EUR2 00020851027B1031225     LCCBNP PARIBAS LEASE GROUP /A1U29287/.1A1U29287001011225EPU72Y01826 /SIEN
0530087    33809EUR2 00020851027B1031225     LC20100648787                 /FLL1H453799
0530087    33809EUR2 00020851027B1031225     RCN.1A1U29287001011225EPU72Y01826
0530087    33809EUR2 00020851027B1031225     RUMSIEN0100648787
0530087    33809EUR2 00020851027B1031225     CPYFR7630087338090002085720113
0730087    33809EUR2 00020851027  031225                                                  0000000579830A
0130568    19923EUR2 00024614006  021225DEGRAEVE JULIEN                  COMPTE COURANT   0000000159151F021225031225
0430568031819923EUR2 0002461400662021225  021225 F FRAIS VIREMENT EMIS           0000000100000000000120}
0530568    19923EUR2 0002461400662021225     LIBI06D25335N00102
0430568038119923EUR2 0002461400628031225  031225PAIEMENT PSC 0112 PARIS 15       0000000000000000000299}
0530568    19923EUR2 0002461400628031225     LIBSNCF VOYAGEURS   CARTE 0663
0430568038119923EUR2 0002461400628031225  031225PAIEMENT CB  0212 PARIS          0000000000000000001455}
0530568    19923EUR2 0002461400628031225     LIBHOTEL DU LOUVRE  CARTE 0663
0730568    19923EUR2 00024614006  031225                                                  0000000157277F
0130027    16048EUR2 00020592067  021225CSE STOKOMANI FONCTIONNEMENT     COMPTE COURANT   0000000947555E021225031225
0430027039016048EUR2 0002059206730031225  051225REMCB00244 NB0004 TPE766035701   0800244 00000000002300{
0430027039016048EUR2 0002059206730031225  051225REMCB00248 NB0021 TPE766035701   0800248 00000000003797{
0430027039716048EUR2 0002059206762031225  051225COMCB00244 NB0004 TPE766035701   0800244100000000000019L
0430027039716048EUR2 0002059206762031225  051225COMCB00248 NB0021 TPE766035701   0800248100000000000034N
0430027038116048EUR2 0002059206728031225  031225PAIEMENT PSC 0112 HONFLEUR       0000000000000000000183N
0530027    16048EUR2 0002059206728031225     LIBCARREFOUR        CARTE 3278
0730027    16048EUR2 00020592067  031225                                                  0000000953415B
0115489    04823EUR2 00071831074  021225DR LAURENCE TRACQ                DOCTEUR LAURENCE 0000000124500D021225031225
0715489    04823EUR2 00071831074  031225                                                  0000000124500D
0110096    18038EUR2 00085683058  021225JOBDOCTOR                     JOBDOCTOR SAS       0000000518622H021225031225
0410096930518038EUR2 0008568305818031225  031225VIR CPAM BOURG EN BRESSE         0000000 00000000034248H
0510096    18038EUR2 0008568305818031225     LIB0000000125160503351291251202
0510096    18038EUR2 0008568305818031225     NOMCPAM BOURG EN BRESSE               TAXIS DE LA CHARMETTE
0510096    18038EUR2 0008568305818031225     NBETAXIS DE LA CHARMETTE
0510096    18038EUR2 0008568305818031225     NPYCPAM BOURG EN BRESSE
0510096    18038EUR2 0008568305818031225     LCC0000000125160503351291251202
0510096    18038EUR2 0008568305818031225     RCN0000000125160503351291251202
0510096    18038EUR2 0008568305818031225     REF3078526288530964592145170-924
0510096    18038EUR2 0008568305818031225     CBEFR7610096180380008568850338
0410096930518038EUR2 0008568305818031225  031225VIR CRPCEN M                     0000000 00000000003497B
0510096    18038EUR2 0008568305818031225     LIB0000000125160503352111251202
0510096    18038EUR2 0008568305818031225     NOMCRPCEN M                           TAXIS DE LA CHARMETTE
0510096    18038EUR2 0008568305818031225     NBETAXIS DE LA CHARMETTE
0510096    18038EUR2 0008568305818031225     NPYCRPCEN M
0510096    18038EUR2 0008568305818031225     LCC0000000125160503352111251202
0510096    18038EUR2 0008568305818031225     RCN0000000125160503352111251202
0510096    18038EUR2 0008568305818031225     REFM00272025-12-02-16.30.24.707101
0510096    18038EUR2 0008568305818031225     CBEFR7610096180380008568850338
0410096930518038EUR2 0008568305818031225  031225VIR CAMIEG                       0000000 00000000002931C
0510096    18038EUR2 0008568305818031225     LIB0000000125160503350041251202
0510096    18038EUR2 0008568305818031225     NOMCAMIEG                             TAXIS DE LA CHARMETTE
0510096    18038EUR2 0008568305818031225     NBETAXIS DE LA CHARMETTE
0510096    18038EUR2 0008568305818031225     NPYCAMIEG
0510096    18038EUR2 0008568305818031225     LCC0000000125160503350041251202
0510096    18038EUR2 0008568305818031225     RCN0000000125160503350041251202
0510096    18038EUR2 0008568305818031225     REFM00272025-12-02-15.30.31.464015
0510096    18038EUR2 0008568305818031225     CBEFR7610096180380008568850338
0710096    18038EUR2 00085683058  031225                                                  0000000559300A
0130047    14670EUR2 00022571034  021225SCI GHTE22600                                     0000000556325E021225031225
0730047    14670EUR2 00022571034  031225                                                  0000000556325E
0130047    14236EUR2 00020431022  021225CENTRE MUSICAL ET INITIATIVE     CENTRE MUSICAL ET0000000950312C021225031225
0430047901314236EUR2 0002043102218031225  031225VIR M ROGER COMMUNEAU            0000000 00000000013000{
0530047    14236EUR2 0002043102218031225     LIBI26V25336L011811
0530047    14236EUR2 0002043102218031225     RIBFR7630047142360002043260153
0530047    14236EUR2 0002043102218031225     NOMM ROGER COMMUNEAU                  LE BOURY SCI
0530047    14236EUR2 0002043102218031225     NBELE BOURY SCI
0530047    14236EUR2 0002043102218031225     NPYM ROGER COMMUNEAU
0530047    14236EUR2 0002043102218031225     LCCVIR M ROGER COMMUNEAU
0530047    14236EUR2 0002043102218031225     RCNVIR M ROGER COMMUNEAU
0730047    14236EUR2 00020431022  031225                                                  0000000963312C
0115519    39093EUR2 00023781052  021225LK DEVELOPPEMENT                 COMPTE COURANT   0000000084921G021225031225
0415519085939093EUR2 0002378105262021225  011225FACT SGT25390930023205           0023205100000000000251Q
0515519    39093EUR2 0002378105262021225     LIBDONT TVA 2 23EUR
0715519    39093EUR2 00023781052  031225                                                  0000000084669I
0130027    16003EUR2 00021275022  021225CLUB SMOKI                       COMPTE COURANT   0000000009997I021225031225
0730027    16003EUR2 00021275022  031225                                                  0000000009997I
0130027    16003EUR2 00021501054  021225EKITE                            CCE EKITE        0000000091309B021225031225
0730027    16003EUR2 00021501054  031225                                                  0000000091309B
0110278    08858EUR2 00020542099  021225JOURDIN STEPHANE                                  0000000003950H021225031225
0710278    08858EUR2 00020542099  031225                                                  0000000003950H
0130027    16003EUR2 00021271022  021225PAGE STEPHIE DOMINIQUE           COMPTE COURANT   0000000062742F021225031225
0730027    16003EUR2 00021271022  031225                                                  0000000062742F
0130027    16017EUR2 00043791036  021225TESSIER CHANTAL                                   0000000003300{021225031225
0730027    16017EUR2 00043791036  031225                                                  0000000003300{
0130027    17045EUR2 00020921046  021225EIRL DE FARIA PLOMBERIE          COMPTE COURANT   0000000117789D021225031225
0430027038117045EUR2 0002092104628031225  031225PAIEMENT CB  0112 PARIS          0000000000000000005879R
0530027    17045EUR2 0002092104628031225     LIBBACK MARKET      CARTE 2371
0730027    17045EUR2 00020921046  031225                                                  0000000111909E
0130027    17286EUR2 00023551078  021225RENAUD MARYVONNE                                  0000000030229H021225031225
0730027    17286EUR2 00023551078  031225                                                  0000000030229H
0130027    17286EUR2 00020031049  021225AU COEUR DES BEBES MAISON MEDICA COMPTE COURANT   0000000198353F021225031225
0730027    17286EUR2 00020031049  031225                                                  0000000198353F
0110278    37330EUR2 00012221054  021225EIRL M ZHANG MARC                COMPTE COURANT   0000000003470G021225031225
0710278    37330EUR2 00012221054  031225                                                  0000000003470G
0130027    17280EUR2 00020081044  021225EIRL ECO BAT                     COMPTE COURANT   0000000112315{021225031225
0430027900217280EUR2 0002008104406031225  031225VIR MANO MANO VISSEUSE 28/11     0000000000000000004075R
0730027    17280EUR2 00020081044  031225                                                  0000000108239A
0115489    04762EUR2 00087541048  021225BCP SARL                                          0000000038889D021225031225
0415489901304762EUR2 0008754104806031225  031225VIR SEPA LOYER LOCAL CHANGE      0000000000000000003532Q
0515489    04762EUR2 0008754104806031225     LIBC08V25337L007479
0515489    04762EUR2 0008754104806031225     NOMSARL NI MO
0515489    04762EUR2 0008754104806031225     NPYSARL NI MO
0415489038104762EUR2 0008754104828031225  031225PAIEMENT PSC 0212 LAVAL          0000000000000000000008}
0515489    04762EUR2 0008754104828031225     LIBLAVAL MAYENNE    CARTE 2539
0715489    04762EUR2 00087541048  031225                                                  0000000035348F
0130027    17070EUR2 00020862099  021225AU COEUR DES BEBES MAISON MEDICA COMPTE COURANT   0000000320722G021225031225
0430027901317070EUR2 0002086209906031225  031225VIR SEPA SCI FMI                 0000000000000000007200}
0530027    17070EUR2 0002086209906031225     LIBC18V25337L005840
0430027916217070EUR2 00020862099B1031225  031225PRLV SEPA ENGIE                  0000000000000000002141M
0530027    17070EUR2 00020862099B1031225     LIB300003532056-820005548523
0530027    17070EUR2 00020862099B1031225     RIBFR7610107001090092802693184          BREDFRPPXXX
0530027    17070EUR2 00020862099B1031225     NOMENGIE                              HEY CONCIERGERIE
0530027    17070EUR2 00020862099B1031225     NBEENGIE                               0001 PLACE SAMUEL DE CHAMPLAIN
0530027    17070EUR2 00020862099B1031225     IBEFR03RAP002381
0530027    17070EUR2 00020862099B1031225     NPYHEY CONCIERGERIE
0530027    17070EUR2 00020862099B1031225     LCC300003532056-820005548523
0530027    17070EUR2 00020862099B1031225     RCN790005264546
0530027    17070EUR2 00020862099B1031225     REF2025-11-28-12.25.44.303482Z
0530027    17070EUR2 00020862099B1031225     RUM00PEG0544370
0530027    17070EUR2 00020862099B1031225     CPYFR7630027170700002086990285
0430027907817070EUR2 00020862099C2031225  031225VIR INST PERICHART DESPREAUX     0000000 00000000001702C
0530027    17070EUR2 00020862099C2031225     LIBFACTURE PERICHART NOVEMBRE
0530027    17070EUR2 00020862099C2031225     NOMPERICHART DESPREAUX                HEY CONCIERGERIE
0530027    17070EUR2 00020862099C2031225     NBEHEY CONCIERGERIE
0530027    17070EUR2 00020862099C2031225     NPYPERICHART DESPREAUX
0530027    17070EUR2 00020862099C2031225     LCCFACTURE PERICHART NOVEMBRE
0530027    17070EUR2 00020862099C2031225     RCN032025337214084250000001
0430027916217070EUR2 00020862099B1031225  031225PRLV SEPA AMAZON PAYMENTS EUROP  0000000000000000000924R
0530027    17070EUR2 00020862099B1031225     LIB404-9172388-6710710 AMZN MKTP F
0530027    17070EUR2 00020862099B1031225     LIBXLFIMD6GVE1SHJ
0530027    17070EUR2 00020862099B1031225     RIBFR7630056000280028006387324          CCFRFRPPXXX
0530027    17070EUR2 00020862099B1031225     NOMAMAZON PAYMENTS EUROPE S  C  A AMAZHEY CONCIERGERIE
0530027    17070EUR2 00020862099B1031225     NBEAMAZON PAYMENTS EUROPE S  C  A AMAZ AVENUE JOHN F  KENNEDY 38 1855 LUX
0530027    17070EUR2 00020862099B1031225     IBEDE94ZZZ00000561653
0530027    17070EUR2 00020862099B1031225     NPYHEY CONCIERGERIE
0530027    17070EUR2 00020862099B1031225     LCC404-9172388-6710710 AMZN MKTP FR 1VXLFIMD6GVE1SHJ
0530027    17070EUR2 00020862099B1031225     RCN1VXLFIMD6GVE1SHJ
0530027    17070EUR2 00020862099B1031225     REFFR25120261379524
0530027    17070EUR2 00020862099B1031225     RUM N1QJQHOB7QMJMT8HYCBFT0TO(E5S.
0530027    17070EUR2 00020862099B1031225     CPYFR7630027170700002086990285
0730027    17070EUR2 00020862099  031225                                                  0000000312158G
0130027    17026EUR2 00020272041  021225ATELIER 467                      COMPTE COURANT   0000000055282{021225031225
0730027    17026EUR2 00020272041  031225                                                  0000000055282{
0110278    02702EUR2 00045625441  021225SARL AMANDINE JUIGNET            COMPTE COURANT   0000000020147D021225031225
0410278085902702EUR2 0004562544162021225  011225FACT SGT25027020009687           0009687100000000000624N
0510278    02702EUR2 0004562544162021225     LIBDONT TVA 0 84EUR
0410278930502702EUR2 0004562544118031225  031225VIR CPAM DES FLANDRES  CFCM      0000000 00000000003533G
0510278    02702EUR2 0004562544118031225     LIB0000005991042213354491251202
0510278    02702EUR2 0004562544118031225     NOMCPAM DES FLANDRES  CFCM            ALINE POUILLE
0510278    02702EUR2 0004562544118031225     NBEALINE POUILLE
0510278    02702EUR2 0004562544118031225     NPYCPAM DES FLANDRES  CFCM
0510278    02702EUR2 0004562544118031225     LCC0000005991042213354491251202
0510278    02702EUR2 0004562544118031225     RCN0000005991042213354491251202
0510278    02702EUR2 0004562544118031225     REF3720189394531054592172208-2722
0510278    02702EUR2 0004562544118031225     CBEFR7610278027020004562144530
0710278    02702EUR2 00045625441  031225                                                  0000000023056F
0115489    04762EUR2 00094082025  021225SCI FABRICE                      COMPTE COURANT   0000000245566B021225031225
0715489    04762EUR2 00094082025  031225                                                  0000000245566B
0115489    04755EUR2 00094462022  021225J.C.R                            COMPTE COURANT   0000000070758G021225031225
0715489    04755EUR2 00094462022  031225                                                  0000000070758G
0130047    14047EUR2 00022062044  021225SOCIETE CIVILE IMMOBILIERE IREM  COMPTE COURANT   0000000672011F021225031225
0730047    14047EUR2 00022062044  031225                                                  0000000672011F
0115489    04804EUR2 00047291073  021225SCI ACDB                         COMPTE COURANT   0000000007795A021225031225
0415489901304804EUR2 0004729107306031225  031225VIR SEPA LOYER GRAND LUCE        0000000000000000002000}
0515489    04804EUR2 0004729107306031225     LIBC08V25337L001748
0715489    04804EUR2 00047291073  031225                                                  0000000005795A
0130027    17041EUR2 00020231058  021225SCI DE L'ATELIER                 COMPTE COURANT   0000000170514F021225031225
0430027901317041EUR2 0002023105806031225  031225VIR SEPA LOYER                   0000000000000000014750}
0530027    17041EUR2 0002023105806031225     LIBC18V25337L006955
0530027    17041EUR2 0002023105806031225     NOMLAURIANE
0530027    17041EUR2 0002023105806031225     NPYLAURIANE
0430027916217041EUR2 00020231058B1031225  031225FA25Z8080 ZETARK                 0000000000000000001782}
0530027    17041EUR2 00020231058B1031225     LIBZETARK
0530027    17041EUR2 00020231058B1031225     RIBFR7610278027480004612230178          CMCIFR2AXXX
0530027    17041EUR2 00020231058B1031225     NOMZETARK                             LAURIANE
0530027    17041EUR2 00020231058B1031225     NBEZETARK
0530027    17041EUR2 00020231058B1031225     IBEFR36ZZZ667304
0530027    17041EUR2 00020231058B1031225     NPYLAURIANE
0530027    17041EUR2 00020231058B1031225     LCCFA25Z8080 ZETARK
0530027    17041EUR2 00020231058B1031225     RCNPK53354D0UJKCK01
0530027    17041EUR2 00020231058B1031225     REFPK53354D0UJKCK01
0530027    17041EUR2 00020231058B1031225     RUMZETARK-LAURIANE792 527 475
0530027    17041EUR2 00020231058B1031225     CPYFR7630027170410002023850122
0430027038117041EUR2 0002023105828031225  031225PAIEMENT CB  0212 56000 VANNES   0000000000000000000213K
0530027    17041EUR2 0002023105828031225     LIBTEMPEOS          CARTE 4966
0730027    17041EUR2 00020231058  031225                                                  0000000153769D
0130027    16130EUR2 00020261023  021225L'EPICURIEN                      COMPTE COURANT   0000000079099E021225031225
0430027930516130EUR2 0002026102318031225  031225AVOIR L AGENCE IMPACT            0000000 00000000001500{
0530027    16130EUR2 0002026102318031225     LIBL AGENCE IMPACT
0530027    16130EUR2 0002026102318031225     NOML AGENCE IMPACT                    R CO PRODUCTIONS
0530027    16130EUR2 0002026102318031225     NBER CO PRODUCTIONS
0530027    16130EUR2 0002026102318031225     NPYL AGENCE IMPACT
0530027    16130EUR2 0002026102318031225     LCCAVOIR L AGENCE IMPACT
0530027    16130EUR2 0002026102318031225     RCNVU533626FFBPM001
0530027    16130EUR2 0002026102318031225     REFVU533626FFBPM001
0530027    16130EUR2 0002026102318031225     CBEFR7630027161300002026320118
0430027930516130EUR2 0002026102318031225  031225VIR RESANTILLES SARL             0000000 00000000003689{
0530027    16130EUR2 0002026102318031225     LIBSC-F20259125
0530027    16130EUR2 0002026102318031225     NOMRESANTILLES SARL                   STUDIOCALL
0530027    16130EUR2 0002026102318031225     NBESTUDIOCALL
0530027    16130EUR2 0002026102318031225     NPYRESANTILLES SARL
0530027    16130EUR2 0002026102318031225     LCCFF STUDIOCALL ACHAT DE MATERIEL TEL
0530027    16130EUR2 0002026102318031225     RCNSC-F20259125
0530027    16130EUR2 0002026102318031225     REF2025-12-02-07.03.23.877729
0530027    16130EUR2 0002026102318031225     CBEFR7630027161300002026320118
0430027930516130EUR2 0002026102318031225  031225VIR STRIPE TECHNOLOGY EUROPE     0000000 00000000001415I
0530027    16130EUR2 0002026102318031225     LIBST-IG5MBPPS4M87
0530027    16130EUR2 0002026102318031225     NOMSTRIPE TECHNOLOGY EUROPE  LIMITED  R N A CO PRODUCTIONS
0530027    16130EUR2 0002026102318031225     NBER N A CO PRODUCTIONS
0530027    16130EUR2 0002026102318031225     NPYSTRIPE TECHNOLOGY EUROPE  LIMITED
0530027    16130EUR2 0002026102318031225     NPOSTRIPE
0530027    16130EUR2 0002026102318031225     LCCSTRIPE
0530027    16130EUR2 0002026102318031225     RCNST-IG5MBPPS4M87
0530027    16130EUR2 0002026102318031225     CBEFR7630027161300002026320118
0430027038116130EUR2 0002026102328031225  031225PAIEMENT CB  0112 CAEN IFS       0000000000000000000499K
0530027    16130EUR2 0002026102328031225     LIB4A45 CAEN IFS    CARTE 9466
0730027    16130EUR2 00020261023  031225                                                  0000000085205B
0130027    16048EUR2 00020523083  021225MLE CLAIRE GUENERIN              COMPTE COURANT   0000000025549{021225031225
0430027916216048EUR2 00020523083B1031225  031225ASSURANCE DU PROPRIETAIRE NON O  0000000000000000000429N
0530027    16048EUR2 00020523083B1031225     LIBANT BV6593402
0530027    16048EUR2 00020523083B1031225     LIBANT BV6593402
0530027    16048EUR2 00020523083B1031225     RIBFR7611899001380002824344055          CMCIFR2AXXX
0530027    16048EUR2 00020523083B1031225     NOMACM IARD SA                        BAUBRUN
0530027    16048EUR2 00020523083B1031225     NBEACM IARD SA
0530027    16048EUR2 00020523083B1031225     IBEFR74ZZZ008087
0530027    16048EUR2 00020523083B1031225     NPYBAUBRUN
0530027    16048EUR2 00020523083B1031225     LCCASSURANCE DU PROPRIETAIRE NON OCCUPANT BV6593402
0530027    16048EUR2 00020523083B1031225     RCNRMS25335242987975KI
0530027    16048EUR2 00020523083B1031225     REFACM   2500000    BFC140
0530027    16048EUR2 00020523083B1031225     RUMKI20240126175737678412
0530027    16048EUR2 00020523083B1031225     CPYFR7630027160480002052380301
0430027916216048EUR2 00020523083B1031225  031225ASSURANCE DU PROPRIETAIRE NON O  0000000000000000000188K
0530027    16048EUR2 00020523083B1031225     LIBANT BV6574110
0530027    16048EUR2 00020523083B1031225     LIBANT BV6574110
0530027    16048EUR2 00020523083B1031225     RIBFR7611899001380002824344055          CMCIFR2AXXX
0530027    16048EUR2 00020523083B1031225     NOMACM IARD SA                        BAUBRUN
0530027    16048EUR2 00020523083B1031225     NBEACM IARD SA
0530027    16048EUR2 00020523083B1031225     IBEFR74ZZZ008087
0530027    16048EUR2 00020523083B1031225     NPYBAUBRUN
0530027    16048EUR2 00020523083B1031225     LCCASSURANCE DU PROPRIETAIRE NON OCCUPANT BV6574110
0530027    16048EUR2 00020523083B1031225     RCNRMS25335272983396KI
0530027    16048EUR2 00020523083B1031225     REFACM   2500000    BFC140
0530027    16048EUR2 00020523083B1031225     RUMKI20221109110813466294
0530027    16048EUR2 00020523083B1031225     CPYFR7630027160480002052380301
0730027    16048EUR2 00020523083  031225                                                  0000000024931C
0130027    16048EUR2 00020291011  021225SNC PERE ET FILS                 COMPTE COURANT   0000000150911I021225031225
0430027901316048EUR2 0002029101106031225  031225VIR SEPA M BAUDY HUBERT          0000000000000000030000}
0530027    16048EUR2 0002029101106031225     LIBC18V25337L005349
0730027    16048EUR2 00020291011  031225                                                  0000000120911I
0130027    16048EUR2 00020281023  021225EL MANAR 2                       COMPTE COURANT   0000000632398D021225031225
0730027    16048EUR2 00020281023  031225                                                  0000000632398D
0130027    16048EUR2 00020553023  021225BC2L IMMOBILIER                  COMPTE COURANT   0000000075475H021225031225
0730027    16048EUR2 00020553023  031225                                                  0000000075475H
0130027    16048EUR2 00020341081  021225L'EPICURIEN                      COMPTE COURANT   0000000509639F021225031225
0730027    16048EUR2 00020341081  031225                                                  0000000509639F
0130047    14607EUR2 00021051069  021225DSCM                             COMPTE COURANT   0000000000226C021225031225
0730047    14607EUR2 00021051069  031225                                                  0000000000226C
0110278    37430EUR2 00013091008  021225SCI ACDB                         COMPTE COURANT   0000000009329{021225031225
0710278    37430EUR2 00013091008  031225                                                  0000000009329{
0130087    33704EUR2 00020992031  021225RESEAU NATIONAL DES MISSIONS EMP COMPTE COURANT   0000000606005F021225031225
0430087039033704EUR2 0002099203130031225  051225CB00788 0002 7159756             0800788 00000000000807{
0430087039033704EUR2 0002099203130031225  051225CB00829 0016 7159756             0800829 00000000003196{
0430087039733704EUR2 0002099203162031225  051225COM0829 0016 7159756             0800829100000000000019M
0430087039733704EUR2 0002099203162031225  051225COM0788 0002 7159756             0800788100000000000008J
0430087900233704EUR2 0002099203106031225  031225VIR SOLUTION INCENDIE            0000000000000000000735O
0430087021633704EUR2 0002099203104291125  291125VERST DIF           REF33704B00  0000000 00000000000064A
0530087    33704EUR2 0002099203104291125     LIB            P0241279639
0430087099533704EUR2 0002099203199031225  011125RETRO  FACT SGT25005311370243    1370243 00000000000327B
0530087    33704EUR2 0002099203199031225     LIBOPE DU   01/10/25. TVA   0 00
0430087038133704EUR2 0002099203128031225  031225PAIEMENT PSC 0212 REIMS          0000000000000000000088}
0530087    33704EUR2 0002099203128031225     LIBLA CHAMPETRE     CARTE 6258
0430087038133704EUR2 0002099203128031225  031225PAIEMENT PSC 0112 REIMS070    /  0000000000000000000093N
0530087    33704EUR2 0002099203128031225     LIBMETRO            CARTE 6258
0730087    33704EUR2 00020992031  031225                                                  0000000609455C