0118079    75335EUR2 02618780483  301125BERGUERIE PHILIPPE                                0000003959525C0000
0418079    75335EUR2E0261878048306301125  301125VIR JULIE MARGOSYA               00000000 0000000031749Q
0518079    75335EUR2 0261878048306301125     NBEJULIE MARGOSYAN
0518079    75335EUR2 0261878048306301125     LCCDE FI CO SALAIRE NOVEMBRE  - SALAIRE NOVEMBRE
0418079    75335EUR2E0261878048306011225  011225VIR INTL EUR UMUR BASIM SANAYI   00000000 0000000987916}INVOICES Y012025
0518079    75335EUR2 0261878048306011225     LIBINVOICES Y0120250000472   473
0518079    75335EUR2 0261878048306011225     LIBMGL008506088
0418079    75335EUR2E0261878048306011225  011225VIR PILLET                       00000000 0000000004650R
0518079    75335EUR2 0261878048306011225     NBEPILLET
0518079    75335EUR2 0261878048306011225     LCCDE FI CO - 12533697   12533710   12533712
0518079    75335EUR2 0261878048306011225     RCN12533697   12533710   12533712
0418079    75335EUR2E0261878048362011225  301125F CONVENTION PRO PLUS BUSINESS   00000001 0000000000250}
0518079    75335EUR2 0261878048362011225     LIBT50005
0518079    75335EUR2 0261878048362011225     LIB      EUR512-         EUR 02OEUR T50009
0718079    75335EUR2 02618780483  011225                                                  0000002934958F
0118079    92214EUR2 02366320458  301125COMBAT AVOCATS                Compte courant Comb 0000000133834A0000
0718079    92214EUR2 02366320458  011225                                                  0000000133834A