0130047    14681EUR2 00020261072  021225THEMA PLUS SARL               THEMA PLUS SARL     0000000018847R021225031225
0430047930514681EUR2 0002026107218031225  031225VIR REGLEMENT AFFILIES BIMPL     0000000 00000000000008D
0530047    14681EUR2 0002026107218031225     LIB01/12/2025 NIT RBTMONETIQUE - 2
0530047    14681EUR2 0002026107218031225     NOMREGLEMENT AFFILIES BIMPLI TR       BOULANGERIE PATISSERIE
0530047    14681EUR2 0002026107218031225     NBEBOULANGERIE PATISSERIE
0530047    14681EUR2 0002026107218031225     NPYREGLEMENT AFFILIES BIMPLI TR
0530047    14681EUR2 0002026107218031225     LCCNIT-TRD-0838705-01122025-01
0530047    14681EUR2 0002026107218031225     RCN01/12/2025 NIT RBTMONETIQUE - 21188
0530047    14681EUR2 0002026107218031225     REFT253360010571086
0530047    14681EUR2 0002026107218031225     CBEFR7630047146810002026270136
0430047930514681EUR2 0002026107218031225  031225VIR DDFIP LOIR-ET-CHER           0000000 00000000000980{
0530047    14681EUR2 0002026107218031225     LIB1D0410000 -P00247-BQ25003397-1
0530047    14681EUR2 0002026107218031225     NOMDDFIP LOIR-ET-CHER                 HURAND
0530047    14681EUR2 0002026107218031225     NBEHURAND
0530047    14681EUR2 0002026107218031225     NPYDDFIP LOIR-ET-CHER
0530047    14681EUR2 0002026107218031225     NPOCOLLEGE JEAN ROSTAND
0530047    14681EUR2 0002026107218031225     LCCCOLLEGE JEAN ROSTAND-FACTURE 12
0530047    14681EUR2 0002026107218031225     RCN1D0410000 -P00247-BQ25003397-1
0530047    14681EUR2 0002026107218031225     REF25336-5351-PSR-SCT-01-00030139
0530047    14681EUR2 0002026107218031225     CBEFR7630047146810002026270136
0430047039014681EUR2 0002026107230031225  051225REMCB00780 NB0002 TPE748773801   0800780 00000000000049H
0430047039014681EUR2 0002026107230031225  051225REMCB00797 NB0047 TPE748773801   0800797 00000000003888{
0430047039714681EUR2 0002026107262031225  051225COMCB00797 NB0047 TPE748773801   0800797100000000000047O
0430047039714681EUR2 0002026107262031225  051225COMCB00780 NB0002 TPE748773801   0800780100000000000001L
0430047024014681EUR2 0002026107201031225  021225CHEQUE 8582114                   8582114000000000016833R
0730047    14681EUR2 00020261072  031225                                                  0000000030804N
0130087    33866EUR2 00020611063  021225JLK INVEST                       COMPTE COURANT   0000000190508E021225031225
0430087931533866EUR2 0002061106345031225  031225TREQUARTISTA CO. LTD             0000000 00000000021085B
0530087    33866EUR2 0002061106345031225     LIBTPC24P25337800032
0530087    33866EUR2 0002061106345031225     NOMTREQUARTISTA CO. LTD               SARL INTERFREIGHT FRANCE
0530087    33866EUR2 0002061106345031225     NBESARL INTERFREIGHT FRANCE           9 CHEMIN DE REBOURS 77250
0530087    33866EUR2 0002061106345031225     NPYTREQUARTISTA CO. LTD               6-18-3 JINGUMAE SHIBUYA-KU TOKYO  J
0530087    33866EUR2 0002061106345031225     IPYAPAN
0530087    33866EUR2 0002061106345031225     RCNNOTPROVIDED
0430087900233866EUR2 0002061106306031225  031225VIR VIREMENT TRANS LFI           0000000000000000030000}
0430087900233866EUR2 0002061106306031225  031225VIR VIREMENT QPM                 0000000000000000002310}
0430087931433866EUR2 0002061106306031225  031225VIR VIREMENT BLUE WATER          0000000000000000001790}
0430087931033866EUR2 0002061106344021225  011225VIR VIREMENT ANOVA GLOBAL LOG.   0000000000000000010957J
0530087    33866EUR2 0002061106344021225     LIBC24D25336L00673
0530087    33866EUR2 0002061106344021225     RIBFR7630087338660002061360133
0530087    33866EUR2 0002061106344021225     NOMANOVA GLOBAL LOGISTICS             INTERFREIGHT FRANCE
0530087    33866EUR2 0002061106344021225     MMOUSD200000000127249
0530087    33866EUR2 0002061106344021225     NBEINTERFREIGHT FRANCE
0530087    33866EUR2 0002061106344021225     IBE9 CHEMIN REBOURS                   77250 VILLECERF
0530087    33866EUR2 0002061106344021225     NPYANOVA GLOBAL LOGISTICS
0530087    33866EUR2 0002061106344021225     LCCINVOICE A25 26/AE/178
0430087907833866EUR2 00020611063C2031225  031225VIR INST STE  R ACTION           0000000 00000000004800{
0530087    33866EUR2 00020611063C2031225     LIB25 000849 R-ACTION
0530087    33866EUR2 00020611063C2031225     NOMSTE  R ACTION                      INTERFREIGHT CIC
0530087    33866EUR2 00020611063C2031225     NBEINTERFREIGHT CIC
0530087    33866EUR2 00020611063C2031225     NPYSTE  R ACTION
0530087    33866EUR2 00020611063C2031225     LCC25 000849 R-ACTION
0530087    33866EUR2 00020611063C2031225     RCNNOTPROVIDED
0730087    33866EUR2 00020611063  031225                                                  0000000171336F
0130087    33863EUR2 00020491021  021225TECHNIQUES ET NORMES DE COUVERT  COMPTE COURANT   0000000538085C021225031225
0430087916233863EUR2 00020491021B1031225  031225PRLV SEPA KINTO FRANCE-KINTO FR  0000000000000000002884O
0530087    33863EUR2 00020491021B1031225     LIBSAB26/00147346
0530087    33863EUR2 00020491021B1031225     RIBFR7630003041700002905829837          SOGEFRPPXXX
0530087    33863EUR2 00020491021B1031225     NOMKINTO FRANCE-KINTO FRANCE SAS      L INTEMPOREL
0530087    33863EUR2 00020491021B1031225     NBEKINTO FRANCE-KINTO FRANCE SAS       VAUCRESSON
0530087    33863EUR2 00020491021B1031225     IBEFR38ZZZ8618BA
0530087    33863EUR2 00020491021B1031225     NPYL INTEMPOREL
0530087    33863EUR2 00020491021B1031225     LCCSAB26/00147346
0530087    33863EUR2 00020491021B1031225     RCNSDD-14400626-16607277
0530087    33863EUR2 00020491021B1031225     RUMTFM6258054001
0530087    33863EUR2 00020491021B1031225     CPYFR7630087338630002049120136
0430087039033863EUR2 0002049102130031225  051225CB00164 0003 7366635             0800164 00000000001710{
0430087039033863EUR2 0002049102130031225  051225CB00542 0002 7147237             0800542 00000000001070{
0430087039033863EUR2 0002049102130031225  051225CB00163 0011 7366635             0800163 00000000003420{
0430087039033863EUR2 0002049102130031225  051225CB00608 0004 7147237             0800608 00000000001602{
0430087039733863EUR2 0002049102162031225  051225COM0608 0004 7147237             0800608100000000000005O
0430087039733863EUR2 0002049102162031225  051225COM0163 0011 7366635             0800163100000000000012}
0430087039733863EUR2 0002049102162031225  051225COM0542 0002 7147237             0800542100000000000003Q
0430087039733863EUR2 0002049102162031225  051225COM0164 0003 7366635             0800164100000000000006}
0430087099533863EUR2 0002049102199031225  011125AVOIR COTIS CONTRAT PRO GLOBAL   0000000 00000000000390A
0730087    33863EUR2 00020491021  031225                                                  0000000543365D
0130087    33863EUR2 00020491015  021225PROLIFIK RECORDS              PROLIFIK RECORDS    0000000043987G021225031225
0730087    33863EUR2 00020491015  031225                                                  0000000043987G