0130004    01333EUR2 00010241889  031225EKITE                            CCE EKITE        0000000021085}
0730004    01333EUR2 00010241889  041225                                                  0000000021085}
0130004    01333EUR2 00010183951  031225DOCTEUR AUDREY MARQUET           COMPTE COURANT   0000000096115M
0430004081301333EUR2 00010183951B1041225  041225PRLV SEPA/ROOLE-IDENTICAR               0 0000000000159NFR46ZZZ561200
0530004    01333EUR2 00010183951B1041225     NBEROOLE-IDENTICAR
0530004    01333EUR2 00010183951B1041225     IBEFR46ZZZ561200
0530004    01333EUR2 00010183951B1041225     LCCPRELEVEMENT ROOLE-IDENTICAR
0530004    01333EUR2 00010183951B1041225     RCN22915374-IDCAR21179TX3354
0530004    01333EUR2 00010183951B1041225     RUM1S8572211                          RCUR
0430004005601333EUR2 0001018395175041225  04122501333 61738936                   00000001 0000000003853O
0430004056301333EUR2 00010183951C2041225  041225M.OU MME VERIER JEAN PIERRE      0000000  0000000004599DFACTURE 2025 001
0530004    01333EUR2 00010183951C2041225     NPYM.OU MME VERIER JEAN PIERRE
0530004    01333EUR2 00010183951C2041225     LCCFACTURE 2025 00198
0530004    01333EUR2 00010183951C2041225     RCNFACTURE 2025 00198
0530004    01333EUR2 00010183951C2041225     PDOFR FRANCE
0430004056301333EUR2 00010183951C2041225  041225M.OU MME VERIER JEAN PIERRE      0000000  0000000005932GFACTURE 2025 002
0530004    01333EUR2 00010183951C2041225     NPYM.OU MME VERIER JEAN PIERRE
0530004    01333EUR2 00010183951C2041225     LCCFACTURE 2025 00225
0530004    01333EUR2 00010183951C2041225     RCNFACTURE 2025 00225
0530004    01333EUR2 00010183951C2041225     PDOFR FRANCE
0430004051601333EUR2 00010183951C1041225  041225RESTE PAIE DE NOVEMBRE 2025 A E  00000000 0000000006005MNOTPROVIDED
0530004    01333EUR2 00010183951C1041225     LCCRESTE PAIE DE NOVEMBRE 2025 A EMMA ABECASSIS ACOMPTES DEJA VERSES 300
0530004    01333EUR2 00010183951C1041225     LC2ET 400 EUROS  SUR PAIE DE NOVEMBRE 2025 DE 1300 EUROS 54
0530004    01333EUR2 00010183951C1041225     NBEABECASSIS EMMA
0530004    01333EUR2 00010183951C1041225     REFB9EB2790D4774B6596DF2011A664137D
0530004    01333EUR2 00010183951C1041225     RCNNOTPROVIDED
0430004056301333EUR2 00010183951C2041225  041225M.OU MME VERIER JEAN PIERRE      0000000  0000000006620GFACTURE 2025 002
0530004    01333EUR2 00010183951C2041225     NPYM.OU MME VERIER JEAN PIERRE
0530004    01333EUR2 00010183951C2041225     LCCFACTURE 2025 00250
0530004    01333EUR2 00010183951C2041225     RCNFACTURE 2025 00250
0530004    01333EUR2 00010183951C2041225     PDOFR FRANCE
0730004    01333EUR2 00010183951  041225                                                  0000000088981J
0120041    01005EUR2 2724317620J  031225AGP RENOVATION                   COMPTE COURANT   0000009655349G
0420041472101005EUR2E2724317620JB1041225  041225DOM      SDDCORE                 00000000 0000000003360}
0520041    01005EUR2 2724317620JB1041225     RUMSLMP024605168                      RCUR
0520041    01005EUR2 2724317620JB1041225     NBEProfileo
0520041    01005EUR2 2724317620JB1041225     IBEFR10ZZZ595313
0520041    01005EUR2 2724317620JB1041225     LCC772424.com 202512-15752
0520041    01005EUR2 2724317620JB1041225     RCN772424.com 202512-15752
0420041851001005EUR2E2724317620J18041225  041225VIRTRECU SCT                     00000001 0000000008997F
0520041    01005EUR2 2724317620J18041225     NPYM CHRISTOPHE GAILLARD
0520041    01005EUR2 2724317620J18041225     RCNDEV2025 12 08 716
0520041    01005EUR2 2724317620J18041225     LCCCHRISTOPHE GAILLARD                DEV2025 12 08716
0520041    01005EUR2 2724317620J18041225     LC274570 GROISY
0520041    01005EUR2 2724317620J18041225     LIBCMCIFR2AXXXFR7610278024360002022014079
0520041    01005EUR2 2724317620J18041225     MMOEUR20000000008997600
0420041851001005EUR2E2724317620JC2041225  041225VIRTRECU SCTINST                 00000001 0000000011820{
0520041    01005EUR2 2724317620JC2041225     NPYS.A.R.L. PACHER
0520041    01005EUR2 2724317620JC2041225     RCNDEV2025-12-08710 DU 2/12
0520041    01005EUR2 2724317620JC2041225     LIBAGRIFRPP831FR7613106005001697383615189
0520041    01005EUR2 2724317620JC2041225     NBESAS EURO DIFFUSION
0420041851001005EUR2E2724317620JC2041225  041225VIRTRECU SCTINST                 00000001 0000000013909B
0520041    01005EUR2 2724317620JC2041225     NPYMR LEPETIT THIERRY
0520041    01005EUR2 2724317620JC2041225     RCN032025338227737330000001
0520041    01005EUR2 2724317620JC2041225     LCCReglement dev2025.12.08726
0520041    01005EUR2 2724317620JC2041225     LIBSOGEFRPPXXXFR7630003030100001107896365
0520041    01005EUR2 2724317620JC2041225     NBEEurodiffusion
0420041851001005EUR2E2724317620JC2041225  041225VIRTRECU SCTINST                 00000001 0000000018484H
0520041    01005EUR2 2724317620JC2041225     NPYM OU MME ERIC DELCUSE
0520041    01005EUR2 2724317620JC2041225     RCNdalles squarfloor
0520041    01005EUR2 2724317620JC2041225     LCCDALLES SQUAREFLOOR
0520041    01005EUR2 2724317620JC2041225     LIBCMCIFR2AXXXFR7610278027360003438064079
0520041    01005EUR2 2724317620JC2041225     NBESAS EURO DIFFUSION
0420041851001005EUR2E2724317620JC2041225  041225VIRTRECU SCTINST                 00000001 0000000026102D
0520041    01005EUR2 2724317620JC2041225     NPYM.OU MME DELCUSE THIERRY
0520041    01005EUR2 2724317620JC2041225     RCNfacture DEV2025-12-06239
0520041    01005EUR2 2724317620JC2041225     LCCcommande dalles squarefloor
0520041    01005EUR2 2724317620JC2041225     LIBAGRIFRPP867FR7616706000711038290900090
0520041    01005EUR2 2724317620JC2041225     NBESAS EURO DIFFUSION
0420041405901005EUR2E2724317620J62041225  041225COMMISSION DE MOUVEMENT          00000001 0000000000051M
0520041    01005EUR2 2724317620J62041225     MMOEUR200000000000514
0520041    01005EUR2 2724317620J62041225     LIBASSIETTE CALCUL          8 644
0720041    01005EUR2 2724317620J  041225                                                  0000009731252C0000000003360}
0130004    01485EUR2 00010107199  031225EGV HOLDING                      COMPTE COURANT   0000000321278F
0430004001201485EUR2 0001010719962041225  051225SUR REMISE C.B. DU 0412 N.55229  00000001 0000000000018P N.COM.473663801
0530004    01485EUR2 0001010719962041225     LIB1
0430004009901485EUR2 0001010719930041225  0512250412 N.55229 DE 60CHANTILLY      255229   0000000002667{   N.COM.4736638
0530004    01485EUR2 0001010719930041225     LIB0412 N.55229 DE 60CHANTILLY N.COM.4736638011
0730004    01485EUR2 00010107199  041225                                                  0000000323926I
0130004    01333EUR2 00010248122  031225MLLE PODEVIN PASCALE             LA CORVETTE      0000000052495G
0730004    01333EUR2 00010248122  041225                                                  0000000052495G
0130004    01333EUR2 00010244202  031225BC2L IMMOBILIER                  COMPTE COURANT   0000000028682{
0430004005601333EUR2 0001024420275041225  04122501333 61679863 (CAPITAL DU 1462  00000001 0000000001436}4 22 EUR)
0430004055701333EUR2 0001024420218041225  041225/REFBEN /ORIG CAMPIOLI IRJICEA   0000000  0000000014810{/MOTIF ALIMENTAT
0530004    01333EUR2 0001024420218041225     NPYCAMPIOLI IRJICEA
0530004    01333EUR2 0001024420218041225     LCCALIMENTATION SCI ASSOCIES RP
0530004    01333EUR2 0001024420218041225     RCNZZ1JIHDL14QR2Y6Z8
0530004    01333EUR2 0001024420218041225     PDOFR FRANCE
0730004    01333EUR2 00010244202  041225                                                  0000000042056{
0130004    01333EUR2 00010253640  031225GV LOGEMENT                      COMPTE COURANT   0000001333502F
0430004056801333EUR2 0001025364018041225  041225CPAM EURE CDC                    0000000  0000000000309F0000006010027363
0530004    01333EUR2 0001025364018041225     NPYCPAM EURE CDC
0530004    01333EUR2 0001025364018041225     IPY0                                  BICORBEI
0530004    01333EUR2 0001025364018041225     LCC0000006010027363360700251203
0530004    01333EUR2 0001025364018041225     RCN0000006010027363360700251203
0530004    01333EUR2 0001025364018041225     PDOFR FRANCE
0430004056801333EUR2 0001025364018041225  041225MSA DE PICARDIE                  0000000  0000000000509A2025120200000060
0530004    01333EUR2 0001025364018041225     NPYMSA DE PICARDIE
0530004    01333EUR2 0001025364018041225     IPY78061123200015                     BICORBEI
0530004    01333EUR2 0001025364018041225     NPOMSA DE PICARDIE
0530004    01333EUR2 0001025364018041225     LCC2025120200000060100273 02601000
0530004    01333EUR2 0001025364018041225     RCN2025120200000060100273 02601000
0530004    01333EUR2 0001025364018041225     PDOFR FRANCE
0430004056801333EUR2 0001025364018041225  041225CPAM DE L OISE                   0000000  0000000003781A0000006010027363
0530004    01333EUR2 0001025364018041225     NPYCPAM DE L OISE
0530004    01333EUR2 0001025364018041225     IPY0                                  BICORBEI
0530004    01333EUR2 0001025364018041225     LCC0000006010027363364802251203
0530004    01333EUR2 0001025364018041225     RCN0000006010027363364802251203
0530004    01333EUR2 0001025364018041225     PDOFR FRANCE
0730004    01333EUR2 00010253640  041225                                                  0000001338102D
0130004    01333EUR2 00010030730  031225SCI CAMPUS                       COMPTE COURANT   0000000079619E
0430004009901333EUR2 0001003073030031225  0412250312 N.13951 DE 60LAMORLAYE      213951   0000000002656F   N.COM.4060620
0530004    01333EUR2 0001003073030031225     LIB0312 N.13951 DE 60LAMORLAYE N.COM.4060620016
0430004009901333EUR2 0001003073030041225  0412250412 N.33066 DE 60LAMORLAYE      133066   0000000000378E   N.COM.4119097
0530004    01333EUR2 0001003073030041225     LIB0412 N.33066 DE 60LAMORLAYE N.COM.4119097010
0430004056801333EUR2 0001003073018041225  041225ALMERYS                          0000000  0000000008448E7P27456MN14K
0530004    01333EUR2 0001003073018041225     NPYALMERYS
0530004    01333EUR2 0001003073018041225     LCCTP-20251202-ALMERYS TP -602607384-0098532001-7077-
0530004    01333EUR2 0001003073018041225     RCN7P27456MN14K
0530004    01333EUR2 0001003073018041225     PDOFR FRANCE
0730004    01333EUR2 00010030730  041225                                                  0000000091103A
0130004    01306EUR2 00010037439  031225CR OPTIQUE                       COMPTE MUTUELLE  0000000010948I
0730004    01306EUR2 00010037439  041225                                                  0000000010948I
0130004    00074EUR2 00010298404  031225SARL PROXI SHOP                  COMPTE COURANT   0000000063361I
0430004009900074EUR2 0001029840430031225  0412250312 N.94556 DE 60CREIL          194556   0000000000175{   N.COM.4039138
0530004    00074EUR2 0001029840430031225     LIB0312 N.94556 DE 60CREIL N.COM.4039138012
0430004009900074EUR2 0001029840430031225  0412250312 N.01294 DE 60CREIL          201294   0000000003323{   N.COM.4039139
0530004    00074EUR2 0001029840430031225     LIB0312 N.01294 DE 60CREIL N.COM.4039139016
0430004085700074EUR2 00010298404A304122580031225MOULIN DES OSMEAUX MDT/4112088            0000000009846FDU/041225
0530004    00074EUR2 00010298404A3041225     NBEMOULIN DES OSMEAUX
0530004    00074EUR2 00010298404A3041225     RUM4112088
0530004    00074EUR2 00010298404A3041225     RCNIMP2-773619 FS
0530004    00074EUR2 00010298404A3041225     LCCIMP2-773619 FS
0430004081300074EUR2 00010298404B1041225  041225PRLV SEPA/METRO FRANCE S.A.S.-M         0 0000000004377}FR17ZZZ452888
0530004    00074EUR2 00010298404B1041225     NBEMETRO FRANCE S.A.S.-METRO FRANCE
0530004    00074EUR2 00010298404B1041225     IBEFR17ZZZ452888
0530004    00074EUR2 00010298404B1041225     LCC/INV/0051.008397
0530004    00074EUR2 00010298404B1041225     RCN03811959482026                     TRAD
0530004    00074EUR2 00010298404B1041225     RUMCMR000082238101                    RCUR
0430004081300074EUR2 00010298404B1041225  041225PRLV SEPA/URSSAF DE PICARDIE            0 0000000007380}FR33ZZZ158496
0530004    00074EUR2 00010298404B1041225     NBEURSSAF DE PICARDIE
0530004    00074EUR2 00010298404B1041225     IBEFR33ZZZ158496
0530004    00074EUR2 00010298404B1041225     NPOSAS FITECO
0530004    00074EUR2 00010298404B1041225     LCCUR 227000000831896576 SEPT25753663277000021225
0530004    00074EUR2 00010298404B1041225     RCNBQE122725336122355RCUR000000766
0530004    00074EUR2 00010298404B1041225     RUMT1584969039569770002431725419040473RCUR
0730004    00074EUR2 00010298404  041225                                                  0000000064949E
0130004    01485EUR2 00010155102  031225L.I.V.IMMO                       COMPTE COURANT   0000000053713E
0430004009901485EUR2 0001015510230031225  0412250312 N.70084 DE 60CHANTILLY      170084   0000000001216H   N.COM.4887015
0530004    01485EUR2 0001015510230031225     LIB0312 N.70084 DE 60CHANTILLY N.COM.4887015016
0430004009901485EUR2 0001015510230031225  0412250312 N.70076 DE 60CHANTILLY      170076   0000000007686I   N.COM.4887014
0530004    01485EUR2 0001015510230031225     LIB0312 N.70076 DE 60CHANTILLY N.COM.4887014012
0430004008501485EUR2 0001015510207041225  031225REG 0412 RELEVE 20183367         00000000 0000000001561O
0430004009901485EUR2 0001015510230041225  0412250412 N.32252 DE 60CHANTILLY      132252   0000000000307G   N.COM.4887015
0530004    01485EUR2 0001015510230041225     LIB0412 N.32252 DE 60CHANTILLY N.COM.4887015016
0430004081301485EUR2 00010155102B1041225  041225PRLV SEPA/AGIPI-ADIS                    0 0000000001015QFR06ZZZ553287
0530004    01485EUR2 00010155102B1041225     NBEAGIPI-ADIS
0530004    01485EUR2 00010155102B1041225     IBEFR06ZZZ553287
0530004    01485EUR2 00010155102B1041225     LCC0010477721
0530004    01485EUR2 00010155102B1041225     RCNAGIPI EPARGNE RETRAITE 0010477721
0530004    01485EUR2 00010155102B1041225     RUMFR06ZZZ553287-001552784-0001       RCUR
0430004056801485EUR2 0001015510218041225  041225CSE DESRUES                      0000000  0000000011657{FACTURE 2022-364
0530004    01485EUR2 0001015510218041225     NPYCSE DESRUES
0530004    01485EUR2 0001015510218041225     LCCREPAS DE NOEL
0530004    01485EUR2 0001015510218041225     RCNFACTURE 2022-364
0530004    01485EUR2 0001015510218041225     PDOFR FRANCE
0730004    01485EUR2 00010155102  041225                                                  0000000072004E
0130004    01485EUR2 00010169390  031225SENTEURS ET CHARME D ANTAN       COMPTE COURANT   0000000079421D
0430004009901485EUR2 0001016939030031225  0412250312 N.98694 DE 60MELLO          198694   0000000002407C   N.COM.4300970
0530004    01485EUR2 0001016939030031225     LIB0312 N.98694 DE 60MELLO N.COM.4300970014
0430004009901485EUR2 0001016939030031225  0412250312 N.12088 DE 60MELLO          212088   0000000002619C   N.COM.4212998
0530004    01485EUR2 0001016939030031225     LIB0312 N.12088 DE 60MELLO N.COM.4212998015
0430004009901485EUR2 0001016939030041225  0412250412 N.16386 DE 60MELLO          116386   0000000000821D   N.COM.4300970
0530004    01485EUR2 0001016939030041225     LIB0412 N.16386 DE 60MELLO N.COM.4300970014
0430004009901485EUR2 0001016939030041225  0412250412 N.24162 DE 60MELLO          224162   0000000001355E   N.COM.4212998
0530004    01485EUR2 0001016939030041225     LIB0412 N.24162 DE 60MELLO N.COM.4212998015
0430004009901485EUR2 0001016939030041225  0412250412 N.16391 DE 60MELLO          116391   0000000001614F   N.COM.4212978
0530004    01485EUR2 0001016939030041225     LIB0412 N.16391 DE 60MELLO N.COM.4212978012
0430004009901485EUR2 0001016939030041225  0412250412 N.24134 DE 60MELLO          224134   0000000006465H   N.COM.4212980
0530004    01485EUR2 0001016939030041225     LIB0412 N.24134 DE 60MELLO N.COM.4212980013
0430004081301485EUR2 00010169390B1041225  041225PRLV SEPA/METRO FRANCE S.A.S.-M         0 0000000008121KFR17ZZZ452888
0530004    01485EUR2 00010169390B1041225     NBEMETRO FRANCE S.A.S.-METRO FRANCE
0530004    01485EUR2 00010169390B1041225     IBEFR17ZZZ452888
0530004    01485EUR2 00010169390B1041225     LCC/INV/0052.008906
0530004    01485EUR2 00010169390B1041225     RCN03811957322026                     TRAD
0530004    01485EUR2 00010169390B1041225     RUMFRMCC048005507001                  RCUR
0730004    01485EUR2 00010169390  041225                                                  0000000086584A
0130004    01333EUR2 00010211993  031225AP LESAGE                        COMPTE COURANT   0000000000844{
0730004    01333EUR2 00010211993  041225                                                  0000000000844{
0130004    00568EUR2 00010252543  031225SCI DU FRIEGE                    COMPTE COURANT   0000000171605G
0430004008300568EUR2 0001025254328041225  041225DU 031225 SEBALE ESTREES ST DE   00000000 0000000000114NCARTE 4974XXXXXX
0530004    00568EUR2 0001025254328041225     LIBXX2115
0430004056800568EUR2 0001025254318041225  041225MSA DE PICARDIE                  0000000  0000000000141{VIR NORMES DU 02
0530004    00568EUR2 0001025254318041225     NPYMSA DE PICARDIE
0530004    00568EUR2 0001025254318041225     IPY78061123200015                     BICORBEI
0530004    00568EUR2 0001025254318041225     NPOMSA DE PICARDIE
0530004    00568EUR2 0001025254318041225     LCCPM02/12 BJDDILGIFKCEN
0530004    00568EUR2 0001025254318041225     RCNVIR NORMES DU 02/12/2025
0530004    00568EUR2 0001025254318041225     PDOFR FRANCE
0730004    00568EUR2 00010252543  041225                                                  0000000171632B
0130056    00615EUR2 06150066951  031225EIRL DE FARIA PLOMBERIE          COMPTE COURANT   0000000006052G
043005600V300615EUR2 0615006695105041225  041225VIREMENT SEPA RECU    YCI7 0110  07011040 0000000000236F
0530056    00615EUR2 0615006695105041225     NPYPLUXEE FRANCE
0530056    00615EUR2 0615006695105041225     RCNSOD-TRD-434913-30112025
043005600V300615EUR2 0615006695105041225  041225VIREMENT SEPA RECU    YCI1 0127  01012760 0000000004724{
0530056    00615EUR2 0615006695105041225     NPYPLUXEE FRANCE
0530056    00615EUR2 0615006695105041225     RCNSOD-TRP-434913-02122025-01
0730056    00615EUR2 06150066951  041225                                                  0000000011013C
0130004    01333EUR2 00010282606  031225DECOFOR                          DECOFOR S.A.S    0000000020837N
0430004009901333EUR2 0001028260630031225  0412250312 N.73339 DE 60BARON          173339   0000000002750F   N.COM.4040165
0530004    01333EUR2 0001028260630031225     LIB0312 N.73339 DE 60BARON N.COM.4040165015
0430004009901333EUR2 0001028260630031225  0412250312 N.79258 DE 60BARON          279258   0000000003058F   N.COM.4040164
0530004    01333EUR2 0001028260630031225     LIB0312 N.79258 DE 60BARON N.COM.4040164011
0730004    01333EUR2 00010282606  041225                                                  0000000015028L