0118079    44255EUR2 02863280452  031225SIVASOORIYALINGAM SIVALOGINI     COMPTE COURANT   0000000139719C0000
0718079    44255EUR2 02863280452  041225                                                  0000000139719C
0118079    44255EUR2 02378420485  031225SCP MBA                          COMPTE COURANT   0000000142644A0000
0418079    44255EUR2E0237842048505041225  041225VIR ASP                          00000001 0000000042706A
0518079    44255EUR2 0237842048505041225     NPYASP
0518079    44255EUR2 0237842048505041225     LCCAIDES PAC 2025   037157248 581918 TESSIER CHANTAL
0518079    44255EUR2 0237842048505041225     RCN037157248-581918-20251203
0718079    44255EUR2 02378420485  041225                                                  0000000185350B
0118079    44255EUR2 02378470404  031225BREIZH EXOTIK EPICERIE                            0000001038874B0000
0718079    44255EUR2 02378470404  041225                                                  0000001038874B
0118079    75337EUR2 02150880432  031225DE FI CO                                          0000001989000E0000
0418079    75337EUR2E0215088043205041225  041225VIR CPAM 75 PRESTA               00000001 0000000012437C
0518079    75337EUR2 0215088043205041225     NPYCPAM 75 PRESTATIONS
0518079    75337EUR2 0215088043205041225     LCC0000007517073243324730251203
0518079    75337EUR2 0215088043205041225     RCN0000007517073243324730251203
0718079    75337EUR2 02150880432  041225                                                  0000002001437H
0118079    44255EUR2 02378110471  031225CR OPTIQUE                       COMPTE COURANT   0000003969190C0000
0718079    44255EUR2 02378110471  041225                                                  0000003969190C