0118079    75335EUR2 02618780483  281125BERGUERIE PHILIPPE                                0000003959525C0000
0718079    75335EUR2 02618780483  301125                                                  0000003959525C
0118079    92214EUR2 02366320458  281125COMBAT AVOCATS                Compte courant Comb 0000000133834A0000
0718079    92214EUR2 02366320458  301125                                                  0000000133834A